

@article{Ester1996,
    title = {{A Density-Based Algorithm for Discovering Clusters in Large Spatial Databases with Noise}},
    year = {1996},
    booktitle = {Proceedings of the 2nd International Conference on Knowledge Discovery and Data Mining},
    author = {Ester, M. and Kriegel, H. P. and Sander, J. and Xu, X.},
    pages = {226--231}
}

@article{Mahoney2000,
    title = {{A five-site model for liquid water and the reproduction of the density anomaly by rigid, nonpolarizable potential functions}},
    year = {2000},
    journal = {The Journal of Chemical Physics},
    author = {Mahoney, Michael W. and Jorgensen, William L.},
    number = {20},
    month = {5},
    pages = {8910--8922},
    volume = {112},
    url = {http://aip.scitation.org/doi/10.1063/1.481505},
    doi = {10.1063/1.481505},
    issn = {0021-9606}
}

@article{Jacobsen2016,
    title = {{A Helping Hand to Overcome Solubility Challenges in Chemical Protein Synthesis}},
    year = {2016},
    journal = {Journal of the American Chemical Society},
    author = {Jacobsen, Michael T. and Petersen, Mark E. and Ye, Xiang and Galibert, Mathieu and Lorimer, George H. and Aucagne, Vincent and Kay, Michael S.},
    number = {36},
    month = {9},
    pages = {11775--11782},
    volume = {138},
    url = {http://pubs.acs.org/doi/10.1021/jacs.6b05719},
    doi = {10.1021/jacs.6b05719},
    issn = {0002-7863}
}


@article{Lijnzaad1996,
    title = {{A Method for Detecting Hydrophobic Patches on Protein Surfaces}},
    year = {1996},
    journal = {Proteins: Structure, Function, and Genetics},
    author = {Lijnzaad, Philip and Berendsen, Herman J.C. and Argos, Patrick},
    number = {2},
    month = {10},
    pages = {192--203},
    volume = {26},
    doi = {10.1002/(SICI)1097-0134(199610)26:2<192::AID-PROT9>3.0.CO;2-I}
}

@article{Yee2019,
    title = {{A Molecular Mechanism for Transthyretin Amyloidogenesis}},
    year = {2019},
    journal = {Nature Communications},
    author = {Yee, Ai Woon and Aldeghi, Matteo and Blakeley, Matthew P. and Ostermann, Andreas and Mas, Philippe J. and Moulin, Martine and de Sanctis, Daniele and Bowler, Matthew W. and Mueller-Dieckmann, Christoph and Mitchell, Edward P. and Haertlein, Michael and de Groot, Bert L. and Boeri Erba, Elisabetta and Forsyth, V. Trevor},
    number = {1},
    month = {12},
    pages = {925},
    volume = {10},
    doi = {10.1038/s41467-019-08609-z}
}

@article{Jesus2016,
    title = {{A New Folding Kinetic Mechanism for Human Transthyretin and the Influence of the Amyloidogenic V30M Mutation}},
    year = {2016},
    journal = {International Journal of Molecular Sciences},
    author = {Jesus, Catarina and Almeida, Zaida and Vaz, Daniela and Faria, Tiago and Brito, Rui},
    number = {9},
    month = {8},
    pages = {1428},
    volume = {17},
    doi = {10.3390/ijms17091428}
}

@article{Lee2011,
    title = {{A Polypeptide "Building Block" for the {$\beta$}-trefoil Fold Identified by "Top-down Symmetric Deconstruction"}},
    year = {2011},
    journal = {Journal of Molecular Biology},
    author = {Lee, Jihun and Blaber, Sachiko I. and Dubey, Vikash K. and Blaber, Michael},
    number = {5},
    pages = {744--763},
    volume = {407},
    publisher = {Elsevier Ltd},
    doi = {10.1016/j.jmb.2011.02.002}
}

@article{Baker1992,
    title = {{A Protein-folding Reaction Under Kinetic Control}},
    year = {1992},
    journal = {Nature},
    author = {Baker, D. and Sohl, J. L. and Agard, D. A.},
    number = {6366},
    pages = {263--265},
    volume = {356},
    month = {3}
}

@article{Myers2006,
    title = {{A Simple Clustering Algorithm can be Accurate Enough for use in Calculations of pKs in Macromolecules}},
    year = {2006},
    journal = {Proteins: Structure, Function, and Bioinformatics},
    author = {Myers, Jonathan and Grothaus, Greg and Narayanan, Shivaram and Onufriev, Alexey},
    number = {4},
    month = {2},
    pages = {928--938},
    volume = {63},
    doi = {10.1002/prot.20922}
}

@article{Kyte1982,
    title = {{A simple method for displaying the hydropathic character of a protein}},
    year = {1982},
    journal = {Journal of Molecular Biology},
    author = {Kyte, Jack and Doolittle, Russell F.},
    number = {1},
    month = {5},
    pages = {105--132},
    volume = {157},
    url = {https://linkinghub.elsevier.com/retrieve/pii/0022283682905150},
    doi = {10.1016/0022-2836(82)90515-0},
    issn = {00222836}
}

@article{Essmann1995,
    title = {{A smooth particle mesh Ewald method}},
    year = {1995},
    journal = {The Journal of Chemical Physics},
    author = {Essmann, Ulrich and Perera, Lalith and Berkowitz, Max L. and Darden, Tom and Lee, Hsing and Pedersen, Lee G.},
    number = {19},
    month = {11},
    pages = {8577--8593},
    volume = {103},
    url = {http://aip.scitation.org/doi/10.1063/1.470117},
    doi = {10.1063/1.470117},
    issn = {0021-9606}
}

@article{Liu2014,
    title = {{A Synthetic Route to Human Insulin Using Isoacyl Peptides}},
    year = {2014},
    journal = {Angewandte Chemie International Edition},
    author = {Liu, Fa and Luo, Ethan Y. and Flora, David B. and Mezo, Adam R.},
    number = {15},
    month = {4},
    pages = {3983--3987},
    volume = {53},
    url = {http://doi.wiley.com/10.1002/anie.201310735},
    doi = {10.1002/anie.201310735},
    issn = {14337851}
}

@article{Flanagan1974,
    title = {{Acid Denaturation of Human Carbonic Anhydrase B. A Fluorimetric Kinetic Study}},
    year = {1974},
    journal = {European Journal of Biochemistry},
    author = {Flanagan, Michael T. and Hesketh, T. Robin},
    number = {1},
    month = {5},
    pages = {251--259},
    volume = {44},
    doi = {10.1111/j.1432-1033.1974.tb03480.x}
}

@article{Gliubich1996,
    title = {{Active Site Structural Features for Chemically Modified Forms of Rhodanese}},
    year = {1996},
    journal = {J.Biol.Chem.},
    author = {Gliubich, F. and Gazerro, M. and Zanotti, G. and Delbono, S. and Bombieri, G. and Berni, R.},
    pages = {21054--21061},
    volume = {271},
    doi = {10.2210/PDB1ORB/PDB},
    month = {8}
    
}

@article{Vorobyov2007,
    title = {{Additive and Classical Drude Polarizable Force Fields for Linear and Cyclic Ethers}},
    year = {2007},
    journal = {Journal of Chemical Theory and Computation},
    author = {Vorobyov, Igor and Anisimov, Victor M. and Greene, Shannon and Venable, Richard M. and Moser, Adam and Pastor, Richard W. and MacKerell, Alexander D.},
    number = {3},
    month = {5},
    pages = {1120--1133},
    volume = {3},
    url = {https://pubs.acs.org/doi/10.1021/ct600350s},
    doi = {10.1021/ct600350s},
    issn = {1549-9618}
}

@article{Andresen2005,
    title = {{Advanced strategies in liposomal cancer therapy: Problems and prospects of active and tumor specific drug release}},
    year = {2005},
    journal = {Progress in Lipid Research},
    author = {Andresen, Thomas L. and Jensen, Simon S. and J{\o}rgensen, Kent},
    number = {1},
    month = {1},
    pages = {68--97},
    volume = {44},
    url = {http://linkinghub.elsevier.com/retrieve/pii/S0163782704000475},
    doi = {10.1016/j.plipres.2004.12.001},
    issn = {01637827}
}

@article{VanderVusse2009,
    title = {{Albumin as Fatty Acid Transporter}},
    year = {2009},
    journal = {Drug Metab Pharmacokinet},
    author = {Van der Vusse, G. J.},
    number = {4},
    pages = {300--307},
    volume = {24}
}

@book{Amber2018,
    title = {{AMBER 2018}},
    year = {2018},
    author = {Case, D.A. and Ben-Shalom, I.Y. and Brozell, S.R. and Cerutti, D.S. and Cheatham, T.E. and Cruzeiro, V.W.D. and Darden, T.A. and Duke, R.E. and Ghoreishi, D. and Gilson, M.K. and Gohlke, H. and Goetz, A.W. and Greene, D. and Harris, R. and Homeyer, N. and Huang, Y. and Izadi, S. and Kovalenko, A. and Kurtzman, T. and Lee, T.S. and LeGrand, S. and Li, P. and Lin, C. and Liu, J. and Luchko, T. and Luo, R. and Mermelstein, D.J. and Merz, K.M. and Miao, Y. and Monard, G. and Nguyen, C. and Nguyen, H. and Omelyan, I. and Onufriev, A. and Pan, F. and Qi, R. and Roe, D.R. and Roitberg, A. and Sagui, C. and Schott-Verdugo, S. and Shen, J. and Simmerling, C.L. and Smith, J. and Salomon-Ferrer, R. and Swails, J. and Walker, R.C. and Wang, J. and Wei, H. and Wolf, R.M. and Wu, X. and Xiao, L. and York, D.M. and Kollman, P.A.},
    publisher = {University of California},
    address = {San Francisco, CA, USA}
}

@article{Heinrikson1997,
    title = {{Amino acid sequence of phospholipase A2-alpha from the venom of Crotalus adamanteus. A new classification of phospholipases A2 based upon structural determinants}},
    year = {1997},
    journal = {Journal of Biological Chemistry},
    author = {Heinrikson, R. L. and Krueger, E. T. and Keim, P. S.},
    number = {14},
    pages = {4913--21},
    volume = {252}
}

@article{Henikoff1992,
    title = {{Amino acid substitution matrices from protein blocks.}},
    year = {1992},
    journal = {Proceedings of the National Academy of Sciences},
    author = {Henikoff, S. and Henikoff, J. G.},
    number = {22},
    month = {11},
    pages = {10915--10919},
    volume = {89},
    url = {http://www.pnas.org/cgi/doi/10.1073/pnas.89.22.10915},
    doi = {10.1073/pnas.89.22.10915},
    issn = {0027-8424}
}

@article{Brito2005,
    title = {{Amyloid Formation by Transthyretin: From Protein Stability to Protein Aggregation}},
    year = {2005},
    journal = {Current Medicinal Chemistry-Immunology, Endocrine {\&} Metabolic Agents},
    author = {Brito, Rui and Damas, Ana and Saraiva, Maria},
    number = {4},
    pages = {349--360},
    volume = {3},
    doi = {10.2174/1568013033483230}
}

@online{Clinic2020,
    title = {{Amyloidoses}},
    organization = {Mayo Clinic},
    url = {https://www.mayoclinic.org/diseases-conditions/amyloidosis/symptoms-causes/syc-20353178},
    addendum = "(Accessed March 3, 2020)"
    
}

@article{Pastor1988,
    title = {{An analysis of the accuracy of Langevin and molecular dynamics algorithms}},
    year = {1988},
    journal = {Molecular Physics},
    author = {Pastor, Richard W. and Brooks, Bernard R. and Szabo, Attila},
    number = {6},
    month = {12},
    pages = {1409--1419},
    volume = {65},
    url = {http://www.tandfonline.com/doi/abs/10.1080/00268978800101881},
    doi = {10.1080/00268978800101881},
    issn = {0026-8976}
}

@article{Watanabe1987,
    title = {{An outline of the structure of {$\gamma$}(H)-bismuth molybdate, Bi2MoO6, by high-resolution transmission electron microscopy}},
    year = {1987},
    journal = {Journal of Solid State Chemistry},
    author = {Watanabe, A. and Horiuchi, S. and Kodama, H.},
    number = {2},
    pages = {333--339},
    volume = {67},
    isbn = {0022459618},
    doi = {10.1016/0022-4596(87)90371-9},
    issn = {1095726X}
}

@article{Hastwell2009,
    title = {{Analysis of 75 Marketed Pharmaceuticals Using the GADD45a-GFP ‘GreenScreen HC’ Genotoxicity Assay}},
    year = {2009},
    journal = {Mutagenesis},
    author = {Hastwell, P. W. and Webster, T. W. and Tate, M. and Billinton, N. and Lynch, A. M. and Harvey, J. S. and Rees, R. W. and Walmsley, R. M.},
    number = {5},
    month = {9},
    pages = {455--463},
    volume = {24},
    url = {https://academic.oup.com/mutage/article-lookup/doi/10.1093/mutage/gep029},
    doi = {10.1093/mutage/gep029},
    issn = {1464-3804}
}

@article{Buckland2000b,
    title = {{Anionic phospholipids, interfacial binding and the regulation of cell functions}},
    year = {2000},
    journal = {Biochimica et Biophysica Acta (BBA) - Molecular and Cell Biology of Lipids},
    author = {Buckland, Andrew G and Wilton, David C},
    number = {2},
    month = {1},
    pages = {199--216},
    volume = {1483},
    url = {http://linkinghub.elsevier.com/retrieve/pii/S1388198199001882},
    doi = {10.1016/S1388-1981(99)00188-2},
    issn = {13881981}
}

@misc{Kramer2013,
    title = {{anti-Immunoglobulin G (IgG) secondary antibodies}},
    year = {2013},
    author = {Kramer, David Kitz}
}

@article{Huhtinen2006,
    title = {{Antibacterial effects of human group IIA and group XIIA phospholipase A2 against Helicobacter pylori in vitro}},
    year = {2006},
    journal = {Apmis},
    author = {Huhtinen, H. T. and Gronroos, J. O. and Gronroos, J. M. and Uksila, J. and Gelb, M. H. and Nevalainen, T. J. and Laine, V. J. O.},
    number = {2},
    pages = {127--130},
    volume = {114}
}

@article{Baselga2001,
    title = {{Antibodies, Mechanism of Action of Anti-HER2 Monoclonal}},
    year = {2001},
    journal = {Annals of Oncology},
    author = {Baselga, J. and Albanell, J.},
    number = {1},
    pages = {S35-S41},
    volume = {12}
}

@article{Weiser1999,
    title = {{Approximate Atomic Surfaces from Linear Combinations of Pairwise Overlaps (LCPO)}},
    year = {1999},
    journal = {Journal of Computational Chemistry},
    author = {Weiser, J�rg and Shenkin, Peter S. and Still, W. Clark},
    number = {2},
    month = {1},
    pages = {217--230},
    volume = {20},
    doi = {10.1002/(SICI)1096-987X(19990130)20:2<217::AID-JCC4>3.0.CO;2-A}
}

@techreport{Magdziarz2018,
    title = {{Aqua-Duct Documentation - Release 0.5.9}},
    year = {2018},
    author = {Magdziarz, Tomasz and Mitusi{\'{n}}ska, Karolina and Raczy{\'{n}}ska, Agata and G{\'{o}}ra, Artur},
    pages = {1--87}
}

@article{Magdziarz2017,
    title = {{AQUA-DUCT: a ligands tracking tool}},
    year = {2017},
    journal = {Bioinformatics},
    author = {Magdziarz, Tomasz and Mitusi{\'{n}}ska, Karolina and Go{\l}dowska, Sandra and P{\l}uciennik, Alicja and Stolarczyk, Michał and {\L}ugowska, Magdalena and G{\'{o}}ra, Artur},
    editor = {Valencia, Alfonso},
    number = {13},
    month = {7},
    pages = {2045--2046},
    volume = {33},
    url = {https://academic.oup.com/bioinformatics/article/33/13/2045/3059930},
    doi = {10.1093/bioinformatics/btx125},
    issn = {1367-4803}
}

@article{Projekt5,
    title = {{ARTIFICIAL SWEETENERS AND HUMAN BLADDER CANCER}},
    year = {1980},
    journal = {The Lancet},
    author = {Hoover, RobertN and Hartge Strasser, Patricia},
    number = {8173},
    month = {4},
    pages = {837--841},
    volume = {315},
    url = {http://linkinghub.elsevier.com/retrieve/pii/S0140673680913501},
    doi = {10.1016/S0140-6736(80)91350-1},
    issn = {01406736}
}

@article{Projekt4,
    title = {{Aspartame administered in feed, beginning prenatally through life span, induces cancers of the liver and lung in male Swiss mice}},
    year = {2010},
    journal = {American Journal of Industrial Medicine},
    author = {Soffritti, Morando and Belpoggi, Fiorella and Manservigi, Marco and Tibaldi, Eva and Lauriola, Michelina and Falcioni, Laura and Bua, Luciano},
    number = {12},
    month = {12},
    pages = {1197--1206},
    volume = {53},
    url = {http://doi.wiley.com/10.1002/ajim.20896},
    doi = {10.1002/ajim.20896},
    issn = {02713586}
}

@book{Atkins2014,
    title = {{Atkins' Physical Chemistry}},
    year = {2014},
    author = {Atkins, P. and Paula, J.},
    edition = {10},
    publisher = {Oxford},
    address = {Oxford, UK}
}

@article{Buckland2000a,
    title = {{Bacterial cell membrane hydrolysis by secreted phospholipases A(2): a major physiological role of human group IIa sPLA(2) involving both bacterial cell wall penetration and interfacial catalysis}},
    year = {2000},
    journal = {Biochimica Et Biophysical Acta},
    author = {Buckland, A. G. and Heeley, E. L. and Wilton, D. C.},
    number = {2-3},
    pages = {195--206},
    volume = {1484}
}

@article{Braun2019,
    title = {{Best Practices for Foundations in Molecular Simulations}},
    year = {2019},
    journal = {Living Journal of Computational Molecular Science},
    author = {Braun, Efrem and Gilmer, Justin and Mayes, Heather B. and Mobley, David L. and Monroe, Jacob I. and Prasad, Samarjeet and Zuckerman, Daniel M.},
    number = {1},
    volume = {1},
    month = {11},
    doi = {10.33011/livecoms.1.1.5957}
}

@book{Berg2015,
    title = {{Biochemistry}},
    year = {2015},
    author = {Berg, Jeremy M. and Tymoczko, John L. and Gatto, Gregory J. Jr. and Stryer, Lubert},
    edition = {8},
    publisher = {Palgrave-Macmillan},
    address = {New York City, NY, USA}
}

@article{Colon2017,
    title = {{Biological Roles of Protein Kinetic Stability}},
    year = {2017},
    journal = {Biochemistry},
    author = {Col{\'{o}}n, Wilfredo and Church, Jennifer and Sen, Jayeeta and Thibeault, Jane and Trasattu, Hannah and Xia, Ke},
    number = {47},
    pages = {6179--6186},
    volume = {56},
    month = {10},
    doi = {10.1021/acs.biochem.7b00942}
}

@article{Ohmachi2003,
    title = {{Biological significance of the production of membrane-associated phospholipase A2 in human gastric cancer}},
    year = {2003},
    journal = {International Congress Series},
    author = {Ohmachi, H. and Egami, H. and Murata, K. and Akagi, J. and Ohshima, S. and Kiyohara, H. and Kurizaki, T. and Yamamoto, S. and Shibata, Y. and Ogawa, M.},
    month = {8},
    pages = {361--366},
    volume = {1255},
    url = {http://linkinghub.elsevier.com/retrieve/pii/S0531513103002395},
    doi = {10.1016/S0531-5131(03)00239-5},
    issn = {05315131}
}

@book{Walsh2009,
    title = {{Biopharmaceuticals, Biochemistry and Biotechnology}},
    year = {2009},
    author = {Walsh, G.},
    edition = {2},
    publisher = {John Wiley and Sons},
    address = {Chichester}
}

@online{Zhao2020,
    title = {{Brief Introduction to Thermostats}},
    organization = {UC San Diego - Department of Mathematics},
    author = {Zhao, Y.},
    url = {http://www.math.ucsd.edu/ ~y1zhao/ResearchNotes/ResearchNote007Thermostat.pdf},
    addendum = "(Accessed 05.05.2020)"
}

@online{PubChem2020,
    title = {{Bromophenol blue}},
    organization = {PubChem},
    url = {https://pubchem.ncbi.nlm.nih.gov/compound/Bromophenol-blue},
    addendum = "(Accessed Februar 3, 2020)"
}

@article{Projekt11,
    title = {{Carcinogenicity of saccharin.}},
    year = {1978},
    journal = {Environmental Health Perspectives},
    author = {Reuber, M D},
    month = {8},
    pages = {173--200},
    volume = {25},
    url = {https://ehp.niehs.nih.gov/doi/10.1289/ehp.7825173},
    doi = {10.1289/ehp.7825173},
    issn = {0091-6765}
}

@article{Maesaka1978,
    title = {{Case of diabetes insipidus with thyroxine binding globulin deficiency}},
    year = {1978},
    journal = {Horumon to rinsho. Clinical endocrinology},
    author = {Maesaka, H. and Fukazawa, K. and Suwa, S. and Goto, A.},
    number = {11},
    pages = {1208--1213},
    volume = {26},
    issn = {00457167}
}

@article{Janssen1999,
    title = {{Catalytic role of the active site histidine of porcine pancreatic phospholipase A2 probed by the variants H48Q, H48N and H48K}},
    year = {1999},
    journal = {Protein Engineering, Design and Selection},
    author = {Janssen, Marcel J.W. and van de Wiel, Wendy A.E.C. and Beiboer, Sigrid H.W. and van Kampen, Muriel D. and Verheij, Hubertus M. and Slotboom, Arend J. and Egmond, Maarten R.},
    number = {6},
    month = {6},
    pages = {497--503},
    volume = {12},
    url = {https://academic.oup.com/peds/article-lookup/doi/10.1093/protein/12.6.497},
    doi = {10.1093/protein/12.6.497},
    issn = {1741-0134}
}

@article{Dawson2017,
    title = {{CATH: An Expanded Resource to Predict Protein Function through Structure and Sequence}},
    year = {2017},
    journal = {Nucleic Acids Research},
    author = {Dawson, Natalie L. and Lewis, Tony E. and Das, Sayoni and Lees, Jonathan G. and Lee, David and Ashford, Paul and Orengo, Christine A. and Sillitoe, Ian},
    number = {D1},
    month = {1},
    pages = {D289-D295},
    volume = {45},
    doi = {10.1093/nar/gkw1098}
}

@online{UniProtTrypsin,
    title = {{Cationic trypsin (P00760)}},
    organization = {{UniProt}},
    url = {https://www.uniprot.org/uniprot/P00760#function},
    addendum = "(Accessed February 8, 2020)"
}

@article{Lu2016,
    title = {{Characterization of monoclonal antibody size variants containing extra light chains Characterization of monoclonal antibody size variants containing extra light chains}},
    year = {2016},
    author = {Lu, Connie and Liu, Dandan and Liu, Hongbin and Motchnik, Paul and Lu, Connie and Liu, Dandan and Liu, Hongbin and Motchnik, Paul},
    number = {June},
    pages = {102--113},
    volume = {0862},
    doi = {10.4161/mabs.22965}
}

@online{Roe2015a,
    title = {{Cluster Analysis with CPPTRAJ}},
    Organization = {AMBER 2015 London Workshop - Hands on Analysis Session},
    author = {Roe, Daniel R.},
    url = {https://amber.utah.edu/AMBER-workshop/London-2015/Cluster/},
    addendum = "(Accessed April 3, 2020)"
}

@article{Cipollone2007,
    title = {{Common Themes and Variations in the Rhodanese Superfamily}},
    year = {2007},
    journal = {IUBMB Life},
    author = {Cipollone, Rita and Ascenzi, Paolo and Visca, Paolo},
    number = {2},
    pages = {51--59},
    volume = {59},
    doi = {10.1080/15216540701206859},
    month = {2}
}

@article{Jorgensen1983,
    title = {{Comparison of simple potential functions for simulating liquid water}},
    year = {1983},
    journal = {The Journal of Chemical Physics},
    author = {Jorgensen, William L. and Chandrasekhar, Jayaraman and Madura, Jeffry D. and Impey, Roger W. and Klein, Michael L.},
    number = {2},
    month = {7},
    pages = {926--935},
    volume = {79},
    url = {http://aip.scitation.org/doi/10.1063/1.445869},
    doi = {10.1063/1.445869},
    issn = {0021-9606}
}

@article{Pace1990,
    title = {{Conformational stability of globular proteins}},
    year = {1990},
    journal = {Trends in Biochemical Sciences},
    author = {Pace, C.Nick},
    number = {1},
    month = {1},
    pages = {14--17},
    volume = {15},
    url = {https://linkinghub.elsevier.com/retrieve/pii/096800049090124T},
    doi = {10.1016/0968-0004(90)90124-T},
    issn = {09680004}
}

@online{Swails2013,
    title = {{Constant pH MD Example}},
    year = {2013},
    organization = {AMBER Advanced Tutorial 18},
    author = {Swails, J. and McGee Jr., T. D},
    url = {http://ambermd.org/tutorials/advanced/tutorial18/},
    addendum = "(Accessed February 5, 2020)"
}

@article{Mongan2004,
    title = {{Constant pH Molecular Dynamics in Generalized Born Implicit Solvent}},
    year = {2004},
    journal = {Journal of Computational Chemistry},
    author = {Mongan, John and Case, David A. and McCammon, J. Andrew},
    number = {16},
    month = {12},
    pages = {2038--2048},
    volume = {25},
    doi = {10.1002/jcc.20139}
}

@article{Swails2014,
    title = {{Constant pH Replica Exchange Molecular Dynamics in Explicit Solvent using Discrete Protonation States: Implementation, Testing, and Validation}},
    year = {2014},
    journal = {Journal of Chemical Theory and Computation},
    author = {Swails, Jason M. and York, Darrin M. and Roitberg, Adrian E.},
    number = {3},
    pages = {1341--1352},
    volume = {10},
    doi = {10.1021/ct401042b},
    month = {2}
}

@article{Feller1995,
    title = {{Constant pressure molecular dynamics simulation: The Langevin piston method}},
    year = {1995},
    journal = {The Journal of Chemical Physics},
    author = {Feller, Scott E. and Zhang, Yuhong and Pastor, Richard W. and Brooks, Bernard R.},
    number = {11},
    month = {9},
    pages = {4613--4621},
    volume = {103},
    url = {http://aip.scitation.org/doi/10.1063/1.470648},
    doi = {10.1063/1.470648},
    issn = {0021-9606}
}

@article{Projekt3,
    title = {{Consumption of artificial sweetener– and sugar-containing soda and risk of lymphoma and leukemia in men and women}},
    year = {2012},
    journal = {The American Journal of Clinical Nutrition},
    author = {Schernhammer, Eva S and Bertrand, Kimberly A and Birmann, Brenda M and Sampson, Laura and Willett, Walter C and Feskanich, Diane},
    number = {6},
    month = {12},
    pages = {1419--1428},
    volume = {96},
    url = {https://academic.oup.com/ajcn/article/96/6/1419/4571485},
    doi = {10.3945/ajcn.111.030833},
    issn = {0002-9165}
}

@article{Pace1992,
    title = {{Contribution of the hydrophobic effect to globular protein stability}},
    year = {1992},
    journal = {Journal of Molecular Biology},
    author = {Pace, C.Nick},
    number = {1},
    month = {7},
    pages = {29--35},
    volume = {226},
    url = {https://linkinghub.elsevier.com/retrieve/pii/002228369290121Y},
    doi = {10.1016/0022-2836(92)90121-Y},
    issn = {00222836}
}

@article{Pozdnyakova2001,
    title = {{Copper Stabilizes Azurin by Decreasing the Unfolding Rate}},
    year = {2001},
    journal = {Archives of Biochemistry and Biophysics},
    author = {Pozdnyakova, Irina and Guidry, Jesse and Wittung-Stafshede, Pernilla},
    number = {1},
    month = {6},
    pages = {146--148},
    volume = {390},
    url = {https://linkinghub.elsevier.com/retrieve/pii/S0003986100923695},
    doi = {10.1006/abbi.2000.2369},
    issn = {00039861}
}

@article{Marshall2018,
    title = {{Crystal Structure of Bovine Alpha-Chymotrypsin in Space Group P65}},
    year = {2018},
    journal = {Crystals},
    author = {Marshall, A.C. and Keiller, B.G. and Pederick, J.L. and Abell, A.D. and Bruning, J.B.},
    number = {1},
    pages = {460--466},
    volume = {8},
    doi = {10.2210/PDB6DI8/PDB},
    month = {12}
}

@article{White1990a,
    title = {{Crystal structure of cobra-venom phospholipase A2 in a complex with a transition-state analogue}},
    year = {1990},
    journal = {Science},
    author = {White, S. and Scott, D. and Otwinowski, Z. and Gelb, M. and Sigler, P.},
    number = {4987},
    month = {12},
    pages = {1560--1563},
    volume = {250},
    url = {http://www.sciencemag.org/cgi/doi/10.1126/science.2274787},
    doi = {10.1126/science.2274787},
    issn = {0036-8075}
}

@article{Rao1995,
    title = {{Crystal Structure of Endo-beta-N -acetylglucosaminidase H at 1.9 A Resolution: Active-site Geometry and Substrate Recognition}},
    year = {1995},
    journal = {Structure},
    author = {Rao, V. and Guan, C. and Van Roey, P.},
    pages = {449--457},
    volume = {3},
    doi = {10.2210/PDB1EDT/PDB},
    month = {5}
}

@article{Scott1990,
    title = {{Crystal-structure of bee-venom phospholipase-A2 in complex with a transition-state analog}},
    year = {1990},
    journal = {Science},
    author = {Scott, D. L. and Otwinowski, Z. and Gelb, M. H. and Sigler, P. B.},
    number = {4987},
    pages = {1563--1566},
    volume = {250}
}

@article{White1990,
    title = {{Crystal-structure of cobra-venom phospholipase-A2 in complex with a transitions-state analog}},
    year = {1990},
    journal = {Science},
    author = {White, S. P. and Scott, D. L. and Otwinowski, Z. and Gelb, M. H. and Sigler, P. B.},
    number = {4987},
    pages = {1560--1563},
    volume = {250}
}

@article{Ilsley2005,
    title = {{Cytoplasmic Phospholipase A 2 Deletion Enhances Colon Tumorigenesis}},
    year = {2005},
    journal = {Cancer Research},
    author = {Ilsley, Jillian N.M. and Nakanishi, Masako and Flynn, Christopher and Belinsky, Glenn S. and De Guise, Sylvain and Adib, John N. and Dobrowsky, Rick T. and Bonventre, Joseph V. and Rosenberg, Daniel W.},
    number = {7},
    month = {4},
    pages = {2636--2643},
    volume = {65},
    url = {http://cancerres.aacrjournals.org/lookup/doi/10.1158/0008-5472.CAN-04-3446},
    doi = {10.1158/0008-5472.CAN-04-3446},
    issn = {0008-5472}
}

@article{Hansford2003,
    title = {{D-Tyrosine as a Chiral Precusor to Potent Inhibitors of Human Nonpancreatic Secretory Phospholipase A2 (IIa) with Antiinflammatory Activity}},
    year = {2003},
    journal = {ChemBioChem},
    author = {Hansford, Karl A. and Reid, Robert C. and Clark, Chris I. and Tyndall, Joel D. A. and Whitehouse, Michael W. and Guthrie, Tom and McGeary, Ross P. and Schafer, Karl and Martin, Jennifer L. and Fairlie, David P.},
    number = {2-3},
    month = {3},
    pages = {181--185},
    volume = {4},
    url = {http://doi.wiley.com/10.1002/cbic.200390029},
    doi = {10.1002/cbic.200390029},
    issn = {14394227}
}

@inproceedings{McKinney2010,
    title = {{Data Structures for Statistical Computing in Python}},
    year = {2010},
    booktitle = {Proceedings of the 9th Python in Science Conference},
    author = {McKinney, W.},
    pages = {51--56}
}

@article{Robert2014,
    title = {{Deciphering key features in protein structures with the new ENDscript server}},
    year = {2014},
    journal = {Nucleic Acids Research},
    author = {Robert, Xavier and Gouet, Patrice},
    number = {W1},
    month = {7},
    pages = {W320-W324},
    volume = {42},
    url = {http://academic.oup.com/nar/article/42/W1/W320/2435247/Deciphering-key-features-in-protein-structures},
    doi = {10.1093/nar/gku316},
    issn = {1362-4962}
}

@article{Chennamsetty2009,
    title = {{Design of Therapeutic Proteins with Enhanced Stability}},
    year = {2009},
    journal = {Proceedings of the National Academy of Sciences},
    author = {Chennamsetty, N. and Voynov, V. and Kayser, V. and Helk, B. and Trout, B. L.},
    number = {29},
    month = {7},
    pages = {11937--11942},
    volume = {106},
    doi = {10.1073/pnas.0904191106}
}

@article{Broom2015,
    title = {{Designed Protein Reveals Structural Determinants of Extreme Kinetic Stability}},
    year = {2015},
    journal = {Proceedings of the National Academy of Sciences},
    author = {Broom, Aron and Ma, S. Martha and Xia, Ke and Rafalia, Hitesh and Trainor, Kyle and Col{\'{o}}n, Wilfredo and Gosavi, Shachi and Meiering, Elizabeth M.},
    number = {47},
    month = {11},
    pages = {14605--14610},
    volume = {112},
    doi = {10.1073/pnas.1510748112}
}

@article{MacKerell2000,
    title = {{Development and current status of the CHARMM force field for nucleic acids}},
    year = {2000},
    journal = {Biopolymers},
    author = {MacKerell, Alexander D. and Banavali, Nilesh and Foloppe, Nicolas},
    number = {4},
    pages = {257--265},
    volume = {56},
    url = {http://doi.wiley.com/10.1002/1097-0282%282000%2956%3A4%3C257%3A%3AAID-BIP10029%3E3.0.CO%3B2-W},
    doi = {10.1002/1097-0282(2000)56:4<257::AID-BIP10029>3.0.CO;2-W},
    issn = {0006-3525}
}

@article{Black1991,
    title = {{Development of Hydrophobicity Parameters to Analyze Proteins which Bear Post- or Cotranslational Modifications}},
    year = {1991},
    journal = {Analytical Biochemistry},
    author = {Black, Shaun D. and Mould, Diane R.},
    number = {1},
    pages = {72--82},
    volume = {193},
    doi = {10.1016/0003-2697(91)90045-U},
    month = {2},
    doi = {10.1016/0003-2697(91)90045-u}
}

@article{Kabsch1983,
    title = {{Dictionary of Protein Secondary Structure: Pattern Recognition of Hydrogen-bonded and Geometrical Features}},
    year = {1983},
    journal = {Biopolymers},
    author = {Kabsch, W. and Sander, C.},
    number = {12},
    pages = {2577--2637},
    volume = {22},
    month = {12},
    doi = {10.1002/bip.360221211}
    
}

@article{Kabsch1983a,
    title = {{Dictionary of protein secondary structure: Pattern recognition of hydrogen-bonded and geometrical features}},
    year = {1983},
    journal = {Biopolymers},
    author = {Kabsch, Wolfgang and Sander, Christian},
    number = {12},
    month = {12},
    pages = {2577--2637},
    volume = {22},
    url = {http://doi.wiley.com/10.1002/bip.360221211},
    doi = {10.1002/bip.360221211},
    issn = {0006-3525}
}

@article{Maley1977,
    title = {{Differential binding of sodium dodecyl sulfate to amino acids as evidenced by elution from Sephadex}},
    year = {1977},
    journal = {Biochemical and Biophysical Research Communications},
    author = {Maley, Frank and Guarino, Don U.},
    number = {4},
    pages = {1425--1430},
    volume = {77},
    doi = {10.1016/S0006-291X(77)80138-1},
    issn = {10902104}
}

@article{Craig2013,
    title = {{Disulfide by Design 2.0: A Web-based Tool for Disulfide Engineering in Proteins}},
    year = {2013},
    journal = {BMC Bioinformatics},
    author = {Craig, Douglas B and Dombkowski, Alan A},
    number = {1},
    month = {12},
    pages = {346},
    volume = {14},
    doi = {10.1186/1471-2105-14-346}
}

@article{Dennis1994,
    title = {{Diversity of group types, regulation, and function of phospholipase A2}},
    year = {1994},
    journal = {Journal of Biological Chemistry},
    author = {Dennis, E. A.},
    number = {18},
    pages = {13057--13060},
    volume = {269}
}

@article{Leidy2006,
    title = {{Domain-Induced Activation of Human Phospholipase A2 Type IIA: Local versus Global Lipid Composition}},
    year = {2006},
    journal = {Biophysical Journal},
    author = {Leidy, Chad and Linderoth, Lars and Andresen, Thomas L. and Mouritsen, Ole G. and J{\o}rgensen, Kent and Peters, Günther H.},
    number = {9},
    month = {5},
    pages = {3165--3175},
    volume = {90},
    url = {http://linkinghub.elsevier.com/retrieve/pii/S0006349506724985},
    doi = {10.1529/biophysj.105.070987},
    issn = {00063495}
}

@article{Lynch2006,
    title = {{Dominant Role of Copper in the Kinetic Stability of Cu/Zn Superoxide Dismutase}},
    year = {2006},
    journal = {Biochemical and Biophysical Research Communications},
    author = {Lynch, Sandra M. and Col{\'{o}}n, Wilfredo},
    number = {2},
    pages = {457--461},
    volume = {340},
    doi = {10.1016/j.bbrc.2005.12.024},
    month = {12}
}

@article{Schmidlin2013,
    title = {{Early Steps in Thermal Unfolding of Superoxide Dismutase 1 are Similar to the Conformational Changes Associated with the ALS-associated A4V Mutation}},
    year = {2013},
    journal = {Protein Engineering, Design and Selection},
    author = {Schmidlin, Tom and Ploeger, Ken and Jonsson, Amanda L. and Daggett, Valerie},
    number = {8},
    pages = {503--513},
    volume = {26},
    doi = {10.1093/protein/gzt030},
    month = {6}
}

@article{Tomar2009,
    title = {{Effect of Alkyl Alcohols on Partially Unfolded State of Proteinase K: Differential Stability of {$\alpha$}-helix and {$\beta$}-sheet Rich Regions of the Enzyme}},
    year = {2009},
    journal = {Biochimie},
    author = {Tomar, Ritu and Dubey, Vikash Kumar and Jagannadham, M. V.},
    number = {8},
    pages = {951--960},
    volume = {91},
    publisher = {Elsevier Masson SAS},
    doi = {10.1016/j.biochi.2009.04.013},
    month = {8}
}

@article{Tarentino1978,
    title = {{Endo-beta-N-Acetylglucosaminidase from Streptomyces Plicatus}},
    year = {1978},
    journal = {Methods Enzymol},
    author = {Tarentino, A.L. and Trimble, R.B. and Maley, F.},
    pages = {574--580},
    volume = {50},
    doi = {10.1016/0076-6879(78)50065-7}
}

@online{UniEndo,
    title = {{Endo-beta-N-acetylglucosaminidase H (P04067)}},
    organization = {{UniProt}},
    url = {https://academic.oup.com/nar/article/47/D1/D506/5160987},
    addendum = "(Accessed February 9, 2020)"
}

@article{Jaswal2002,
    title = {{Energetic Landscape of Alpha-lytic Protease Optimizes Longevity through Kinetic Stability}},
    year = {2002},
    journal = {Nature},
    author = {Jaswal, S. S. and Sohl, J. L. and Davis, J. H. and Agard, D. A.},
    number = {6869},
    pages = {343--346},
    volume = {415},
    month = {1},
    doi = {10.1038/415343a}
}

@article{Park2007,
    title = {{Energetics-based Protein Profiling on a Proteomic Scale: Identification of Proteins Resistant to Proteolysis}},
    year = {2007},
    journal = {Journal of Molecular Biology},
    author = {Park, Chiwook and Zhou, Sharleen and Gilmore, Jacqueline and Marqusee, Susan},
    number = {5},
    month = {5},
    pages = {1426--1437},
    volume = {368},
    url = {https://linkinghub.elsevier.com/retrieve/pii/S0022283607003051},
    doi = {10.1016/j.jmb.2007.02.091},
    issn = {00222836}
}

@online{Libre2020,
    title = {{Enzymes Used in Industry}},
    organization = {LibreTexts},
    url = {https://bio.libretexts.org/Bookshelves/Microbiology/Book\%3A_Microbiology_(Boundless)/17\%3A_Industrial_Microbiology/17.2\%3A_Microbial_Products_in_the_Health_Industry/17.2D\%3A_Enzymes_Used_in_Industry},
    addendum = "(Accessed May 25, 2020)"
}

@article{Leidy2004,
    title = {{Evolution of lipid membrane morphology and organization during phospholipase A(2) hydrolysis studied by time-resolved AFM}},
    year = {2004},
    journal = {Biophysical Journal},
    author = {Leidy, C. and Mouritsen, O. G. and J{\o}rgensen, Kent and Peters, Günther H.},
    number = {1},
    pages = {408--418},
    volume = {87}
}

@article{Davidson1990,
    title = {{Evolutionary relationships and implications for the regulation of phospholipase A2 from snake venom to human secreted forms}},
    year = {1990},
    journal = {Journal of Molecular Evolution},
    author = {Davidson, Florence F. and Dennis, Edward A.},
    number = {3},
    month = {9},
    pages = {228--238},
    volume = {31},
    url = {http://link.springer.com/10.1007/BF02109500},
    doi = {10.1007/BF02109500},
    issn = {0022-2844}
}

@article{Bezzine2000,
    title = {{Exogenously added human group X secreted phospholipase A2 but not the group IB, IIA, and V enzymes efficiently release arachidonic acid from adherent mammalian cells}},
    year = {2000},
    journal = {Journal of Biological Chemistry},
    author = {Bezzine, Sofiane and Koduri, Rao S. and Valentin, Emmanuel and Murakami, Makoto and Kudo, Ichiro and Ghomashchi, Farideh and Sadilek, Martin and Lambeau, Gerard and Gelb, Michael H.},
    number = {5},
    pages = {3179--3191},
    volume = {275}
}

@article{Lee2011a,
    title = {{Experimental Support for the Evolution of Symmetric Protein Architecture from a Simple Peptide Motif}},
    year = {2011},
    journal = {Proceedings of the National Academy of Sciences},
    author = {Lee, Jihun and Blaber, Michael},
    number = {1},
    month = {1},
    pages = {126--130},
    volume = {108},
    doi = {10.1073/pnas.1015032108}
}

@online{Swails,
    title = {{Explicit Solvent CpHMD}},
    organization = {jswails},
    author = {Swails, J.},
    url = {http://jswails.wikidot.com/explicit-solvent-constant-ph-md},
    addendum = "(Accessed February 5, 2020)"
}

@article{Mitusinska2018,
    title = {{Exploring Solanum tuberosum Epoxide Hydrolase Internal Architecture by Water Molecules Tracking}},
    year = {2018},
    journal = {Biomolecules},
    author = {Mitusi{\'{n}}ska, Karolina and Magdziarz, Tomasz and Bz{\'{o}}wka, Maria and Sta{\'{n}}czak, Agnieszka and Gora, Artur},
    number = {4},
    month = {11},
    pages = {143},
    volume = {8},
    url = {http://www.mdpi.com/2218-273X/8/4/143},
    doi = {10.3390/biom8040143},
    issn = {2218-273X}
}

@article{Jiang2002,
    title = {{Expression of group IIA secretory phospholipase A2 is elevated in prostatic intraepithelial neoplasia and adenocarcinoma}},
    year = {2002},
    journal = {American Journal of Pathology},
    author = {Jiang, J. Z. and Neubauer, B. L. and Graff, J. R. and Chedid, M. and Thomas, J. E. and Roehm, N. W. and Zhang, S. B. and Eckert, G. J. and Koch, M. O. and Eble, J. N. and Cheng, L.},
    number = {2},
    pages = {667--671},
    volume = {160}
}

@article{Mansfeld1997,
    title = {{Extreme Stabilization of a Thermolysin-like Protease by an Engineered Disulfide Bond}},
    year = {1997},
    journal = {Journal of Biological Chemistry},
    author = {Mansfeld, Johanna and Vriend, Gert and Dijkstra, Bauke W. and Veltman, O. Rob and Van den Burg, Bertus and Venema, Gerard and Ulbrich-Hofmann, Renate and Eijsink, Vincent G. H.},
    number = {17},
    month = {4},
    pages = {11152--11156},
    volume = {272},
    url = {http://www.jbc.org/lookup/doi/10.1074/jbc.272.17.11152},
    doi = {10.1074/jbc.272.17.11152},
    issn = {0021-9258}
}

@article{Lv2016,
    title = {{Fabrication of Wide–Range–Visible Photocatalyst Bi2WO6−x nanoplates via Surface Oxygen Vacancies}},
    year = {2016},
    journal = {Scientific Reports},
    author = {Lv, Yanhui and Yao, Wenqing and Zong, Ruilong and Zhu, Yongfa},
    number = {1},
    month = {5},
    pages = {19347},
    volume = {6},
    url = {http://www.nature.com/articles/srep19347},
    doi = {10.1038/srep19347},
    issn = {2045-2322}
}

@article{Maier2015,
    title = {{ff14SB: Improving the Accuracy of Protein Side Chain and Backbone Parameters from ff99SB}},
    year = {2015},
    journal = {Journal of Chemical Theory and Computation},
    author = {Maier, James A. and Martinez, Carmenza and Kasavajhala, Koushik and Wickstrom, Lauren and Hauser, Kevin E. and Simmerling, Carlos},
    number = {8},
    month = {8},
    pages = {3696--3713},
    volume = {11},
    url = {https://pubs.acs.org/doi/10.1021/acs.jctc.5b00255},
    doi = {10.1021/acs.jctc.5b00255},
    issn = {1549-9618}
}

@misc{Vertrees2019,
    title = {{FindSurfaceResidues}},
    year = {2019},
    booktitle = {PyMOLWiki},
    author = {Vertrees, J.},
    url = {https://pymolwiki.org/index.php/FindSurfaceResidues}
}

@article{Projekt2,
    title = {{First Experimental Demonstration of the Multipotential Carcinogenic Effects of Aspartame Administered in the Feed to Sprague-Dawley Rats}},
    year = {2006},
    journal = {Environmental Health Perspectives},
    author = {Soffritti, Morando and Belpoggi, Fiorella and Esposti, Davide Degli and Lambertini, Luca and Tibaldi, Eva and Rigano, Anna},
    number = {3},
    month = {3},
    pages = {379--385},
    volume = {114},
    url = {https://ehp.niehs.nih.gov/doi/10.1289/ehp.8711},
    doi = {10.1289/ehp.8711},
    issn = {0091-6765}
}

@incollection{Projekt14,
    title = {{Flavor Release and Application in Chewing Gum and Confections}},
    year = {2014},
    booktitle = {Microencapsulation in the Food Industry},
    author = {Meyers, Marc A.},
    pages = {443--453},
    publisher = {Elsevier},
    url = {https://linkinghub.elsevier.com/retrieve/pii/B9780124045682000340},
    doi = {10.1016/B978-0-12-404568-2.00034-0}
}

@article{Bu2018,
    title = {{FoldX as Protein Engineering Tool: Better Than Random Based Approaches?}},
    year = {2018},
    journal = {Computational and Structural Biotechnology Journal},
    author = {Bu{\ss}, Oliver and Rudat, Jens and Ochsenreither, Katrin},
    pages = {25--33},
    volume = {16},
    url = {https://linkinghub.elsevier.com/retrieve/pii/S2001037017301186},
    doi = {10.1016/j.csbj.2018.01.002},
    issn = {20010370}
}

@article{Reilly1999,
    title = {{Following the Formation of {$\gamma$}-Phase Bi2MoO6 Catalyst by in Situ XRD/XAS and Thermogravimetric Techniques}},
    year = {1999},
    journal = {Journal of Solid State Chemistry},
    author = {Reilly, L. M. and Sankar, G. and Catlow, C. R.A.},
    number = {1},
    pages = {178--185},
    volume = {148},
    doi = {10.1006/jssc.1999.8486},
    issn = {00224596}
}

@incollection{Projekt13,
    title = {{Food Aroma Quality Optimization}},
    year = {2016},
    booktitle = {Reference Module in Food Science},
    author = {Hatakeyama, J. and Taylor, A.J.},
    publisher = {Elsevier},
    url = {https://linkinghub.elsevier.com/retrieve/pii/B9780081005965210676},
    doi = {10.1016/B978-0-08-100596-5.21067-6}
}

@misc{GEHealthcareBio-SciencesAB2019,
    title = {{Fundamentals of size exclusion chromatography}},
    year = {2019},
    author = {{GE Healthcare Bio-Sciences AB}},
    url = {https://www.gelifesciences.com/en/us/solutions/protein-research/knowledge-center/protein-purification-methods/size-exclusion-chromatography}
}

@article{Abe2003,
    title = {{Group II phospholipase A2 is increased in peritoneal and pleural effusions in patients with various cancers}},
    year = {2003},
    journal = {International Congress Series},
    author = {Abe, T and Sakamoto, K and Kamohara, H and Hirano, Y and Kuwahara, N and Ogawa, M},
    month = {8},
    pages = {351--360},
    volume = {1255},
    url = {http://linkinghub.elsevier.com/retrieve/pii/S0531513103008847},
    doi = {10.1016/S0531-5131(03)00884-7},
    issn = {05315131}
}

@article{Kim2002,
    title = {{Group V Phospholipase A 2 Induces Leukotriene Biosynthesis in Human Neutrophils through the Activation of Group IVA Phospholipase A 2}},
    year = {2002},
    journal = {Journal of Biological Chemistry},
    author = {Kim, Young Jun and Kim, Kwang Pyo and Han, Sang Kyou and Munoz, Nilda M. and Zhu, Xiangdong and Sano, Hiroyuki and Leff, Alan R. and Cho, Wonhwa},
    number = {39},
    month = {9},
    pages = {36479--36488},
    volume = {277},
    url = {http://www.jbc.org/lookup/doi/10.1074/jbc.M205399200},
    doi = {10.1074/jbc.M205399200},
    issn = {0021-9258}
}

@article{Lai1997a,
    title = {{Guanidine Hydrochloride-Induced Denaturation and Refolding of Transthyretin Exhibits a Marked Hysteresis: Equilibria with High Kinetic Barriers}},
    year = {1997},
    journal = {Biochemistry},
    author = {Lai, Zhihong and McCulloch, Jennifer and Lashuel, Hilal A. and Kelly, Jeffery W.},
    number = {33},
    month = {8},
    pages = {10230--10239},
    volume = {36},
    doi = {10.1021/bi963195p}
}

@article{Projekt23,
    title = {{Gum chewing profiles in the U.S. population}},
    year = {1991},
    journal = {Community Dentistry and Oral Epidemiology},
    author = {Barabolak, Roman and Hoerman, Kirk and Kroll, Beverly and Record, David},
    number = {2},
    month = {4},
    pages = {125--126},
    volume = {19},
    url = {http://doi.wiley.com/10.1111/j.1600-0528.1991.tb00126.x},
    doi = {10.1111/j.1600-0528.1991.tb00126.x},
    issn = {0301-5661}
}

@misc{Projekt18,
    title = {{Gumbase}},
    year = {2018},
    booktitle = {Gum Base Co.},
    url = {https://www.gumbase.com/gumbase/}
}

@article{Anandakrishnan2012,
    title = {{H++ 3.0: Automating pK prediction and the preparation of biomolecular structures for atomistic molecular modeling and simulations}},
    year = {2012},
    journal = {Nucleic Acids Research},
    author = {Anandakrishnan, Ramu and Aguilar, Boris and Onufriev, Alexey V.},
    number = {W1},
    pages = {537--541},
    volume = {40},
    doi = {10.1093/nar/gks375},
    month = {5}
}

@article{Gordon2005,
    title = {{H++: A server for Estimating pKas and Adding Missing Hydrogens to Macromolecules}},
    year = {2005},
    journal = {Nucleic Acids Research},
    author = {Gordon, J.C. and Myers, J.B. and Folta, T. and Shoja, V. and Heath, L.S. and Onufriev, A.},
    pages = {368--71},
    volume = {33},
    month = {7},
    doi = {10.1093/nar/gki464}
}

@article{Projekt24,
    title = {{Halitosis: From diagnosis to management}},
    year = {2013},
    journal = {Journal of Natural Science, Biology and Medicine},
    author = {Aylikci, BahadirUgur and {\c{C}}olak, Hakan},
    number = {1},
    pages = {14},
    volume = {4},
    url = {http://www.jnsbm.org/text.asp?2013/4/1/14/107255},
    doi = {10.4103/0976-9668.107255},
    issn = {0976-9668}
}

@misc{Azu2019,
    title = {{HER2-Positive Breast Cancer Survival Rates and Other Statistcs}},
    year = {2019},
    author = {Azu, M}
}

@article{Buttrey2000,
    title = {{High-temperature incommensurate-to-commensurate phase transition in the Bi 2 MoO 6 catalyst}},
    year = {2000},
    journal = {Journal of Solid State Chemistry},
    author = {Buttrey, D. J. and Vogt, T. and White, B. D.},
    number = {1},
    pages = {206--215},
    volume = {155},
    doi = {10.1006/jssc.2000.8935},
    issn = {00224596}
}

@article{Sargsyan2017,
    title = {{How Molecular Size Impacts RMSD Applications in Molecular Dynamics Simulations}},
    year = {2017},
    journal = {Journal of Chemical Theory and Computation},
    author = {Sargsyan, Karen and Grauffel, Cédric and Lim, Carmay},
    number = {4},
    pages = {1518--1524},
    volume = {13},
    doi = {10.1021/acs.jctc.7b00028},
    month = {3}
}

@article{Iqbal2014,
    title = {{Human Epidermal Growth Factor Receptor 2 (HER2) in Cancers: Overexpression and Therapeutic Implications}},
    year = {2014},
    journal = {Molecular Biology International},
    author = {Iqbal, Nida and Iqbal, Naveed},
    pages = {1--9},
    volume = {2014},
    doi = {10.1155/2014/852748},
    issn = {2090-2182}
}

@article{BENNHOLD1961,
    title = {{Human serum albumin.}},
    year = {1961},
    journal = {Bulletin der Schweizerischen Akademie der Medizinischen Wissenschaften},
    author = {BENNHOLD, H.},
    pages = {62--76},
    volume = {17},
    doi = {10.3171/jns.2004.101.3.0564a},
    issn = {00367494}
}

@incollection{Hubbard2010,
    title = {{Hydrogen Bonds in Proteins: Role and Strength}},
    year = {2010},
    booktitle = {Encyclopedia of Life Sciences},
    author = {Hubbard, Roderick E and Kamran Haider, Muhammad},
    month = {2},
    publisher = {John Wiley {\&} Sons, Ltd},
    address = {Chichester, UK}
}

@article{Lijnzaad1997,
    title = {{Hydrophobic Patches on Protein Subunit Interfaces: Characteristics and Prediction}},
    year = {1997},
    journal = {Proteins: Structure, Function, and Genetics},
    author = {Lijnzaad, Philip and Argos, Patrick},
    number = {3},
    month = {7},
    pages = {333--343},
    volume = {28},
    doi = {10.1002/(SICI)1097-0134(199707)28:3<333::AID-PROT4>3.0.CO;2-D}
}

@article{Lijnzaad1996a,
    title = {{Hydrophobic Patches on the Surfaces of Protein Structures}},
    year = {1996},
    journal = {Proteins: Structure, Function, and Genetics},
    author = {Lijnzaad, Philip and Berendsen, Herman J.C. and Argos, Patrick},
    number = {3},
    month = {7},
    pages = {389--397},
    volume = {25},
    doi = {10.1002/(SICI)1097-0134(199607)25:3<389::AID-PROT10>3.3.CO;2-S}
}

@article{Zhang2010,
    title = {{Identifying kinetically stable proteins with capillary electrophoresis}},
    year = {2010},
    journal = {Protein Science},
    author = {Zhang, Songjie and Xia, Ke and Chung, Wai Keen and Cramer, Steven M. and Col{\'{o}}n, Wilfredo},
    number = {4},
    month = {4},
    pages = {888--892},
    volume = {19},
    url = {http://doi.wiley.com/10.1002/pro.336},
    doi = {10.1002/pro.336},
    issn = {09618368}
}

@article{Xia2007,
    title = {{Identifying the Subproteome of Kinetically Stable Proteins via Diagonal 2D SDS-PAGE}},
    year = {2007},
    journal = {Proceedings of the National Academy of Sciences},
    author = {Xia, K. and Manning, M. and Hesham, H. and Lin, Q. and Bystroff, C. and Colon, W.},
    number = {44},
    month = {10},
    pages = {17329--17334},
    volume = {104},
    doi = {10.1073/pnas.0705417104}
}

@article{Valentin2000,
    title = {{Increasing molecular diversity of secreted phospholipases A(2) and their receptors and binding proteins}},
    year = {2000},
    journal = {Biochimica et Biophysica Acta},
    author = {Valentin, E. and Lambeau, G.},
    number = {1-2},
    pages = {59--70},
    volume = {1488}
}

@misc{Infinitum2019,
    title = {{Infinitum}},
    year = {2019},
    booktitle = {Infinitum},
    author = {{Infinitum}},
    url = {https://infinitum.no/}
}

@article{Tsuge1999,
    title = {{Inhibition mechanism of cathepsin L-specific inhibitors based on the crystal structure of papain-CLIK148 complex.}},
    year = {1999},
    journal = {Biochem.Biophys.Res.Commun.},
    author = {Tsuge, H. and Nishimura, T. and Tada, Y. and Asao, T. and Turk, D. and Turk, V. and Katunuma, N.},
    pages = {411--416},
    volume = {266},
    url = {https://www.rcsb.org/structure/1CVZ},
    doi = {10.2210/PDB1CVZ/PDB}
}

@article{Chaykin2006,
    title = {{Insulin Detemir and Its Unique Mechanism of Action}},
    year = {2006},
    journal = {The Internet Journal of Endocrinology},
    author = {Chaykin, L.},
    number = {1},
    pages = {1--10},
    volume = {4}
}

@article{Scott1990a,
    title = {{Interfacial catalysis: the mechanism of phospholipase A2}},
    year = {1990},
    journal = {Science},
    author = {Scott, D. and White, S. and Otwinowski, Z. and Yuan, W. and Gelb, M. and Sigler, P.},
    number = {4987},
    month = {12},
    pages = {1541--1546},
    volume = {250},
    url = {http://www.sciencemag.org/cgi/doi/10.1126/science.2274785},
    doi = {10.1126/science.2274785},
    issn = {0036-8075}
}

@book{Aroyo2016,
    title = {{International Tables for Crystallography}},
    year = {2016},
    editor = {Aroyo, M. I.},
    month = {12},
    volume = {A},
    publisher = {International Union of Crystallography},
    url = {http://it.iucr.org/Ac/},
    address = {Chester, England},
    isbn = {978-0-470-97423-0},
    doi = {10.1107/97809553602060000114}
}

@book{Jensen1998,
    title = {{Introduction to Computational Chemistry}},
    year = {1998},
    author = {Jensen, Frank},
    edition = {2},
    publisher = {Wiley},
    address = {Chichester, UK}
}

@online{Roe2015,
    title = {{Introduction to Hydrogen Bond Analysis}},
    organization = {AMBER 2015 London Workshop - Hands on Analysis Session},
    author = {Roe, Daniel R.},
    url = {https://amber.utah.edu/AMBER-workshop/London-2015/Hbond/},
    addendum = {(Accessed April 20, 2020)}
}

@book{Smola2008,
    title = {{Introduction to Machine Learning}},
    year = {2008},
    author = {Smola, Alex and Vishwanathan, S.V.N.},
    publisher = {Cambridge University Press},
    url = {https://alex.smola.org/drafts/thebook.pdf}
}

@book{Herlau2019,
    title = {{Introduction to Machine Learning and Data Mining}},
    year = {2019},
    author = {Herlau, Tue and Schmidt, Mikkel N. and M{\o}rup, Morten},
    edition = {Edition 1.},
    publisher = {Technical University of Denmark},
    address = {Kongens Lyngby}
}

@article{Na2009,
    title = {{Investigating protein unfolding kinetics by pulse proteolysis}},
    year = {2009},
    journal = {Protein Science},
    author = {Na, Yu-Ran and Park, Chiwook},
    number = {2},
    month = {2},
    pages = {268--276},
    volume = {18},
    url = {http://doi.wiley.com/10.1002/pro.29},
    doi = {10.1002/pro.29},
    issn = {09618368}
}

@article{Peters2004,
    title = {{Investigation of lipid membrane organization, morphology, and dynamics by atomic force microscopy of supported bilayers}},
    year = {2004},
    journal = {Recent Res. Devel. Biophys.},
    author = {Peters, Günther H. and Leidy, C. and Kaasgaard, Thomas and Mouritsen, O. G. and J{\o}rgensen, Kent},
    pages = {163--185},
    volume = {3}
}

@phdthesis{Bentzen2018,
    title = {{Investigation of protein oligomerisation and stability using molecular dynamics simulations and isothermal chemical denaturation}},
    year = {2018},
    author = {Bentzen, J. and Tj{\o}rnelund, H.D.},
    school = {Technical University of Denmark}
}

@article{Murugan2002,
    title = {{Investigation of structural changes in the phase transformations of {$\gamma$}-Bi2MoO6}},
    year = {2002},
    journal = {Journal of Physics Condensed Matter},
    author = {Murugan, Ramaswamy and Gangadharan, Raje and Kalaiselvi, Jayaraman and Sukumar, Shajina and Palanivel, Balan and Mohan, Sriramulu},
    number = {15},
    pages = {4001--4010},
    volume = {14},
    doi = {10.1088/0953-8984/14/15/314},
    issn = {09538984}
}

@article{Svilenov2018,
    title = {{Isothermal chemical denaturation as a complementary tool to overcome limitations of thermal differential scanning fluorimetry in predicting physical stability of protein formulations}},
    year = {2018},
    journal = {European Journal of Pharmaceutics and Biopharmaceutics},
    author = {Svilenov, Hristo and Markoja, Uroš and Winter, Gerhard},
    month = {4},
    pages = {106--113},
    volume = {125},
    url = {https://linkinghub.elsevier.com/retrieve/pii/S093964111731127X},
    doi = {10.1016/j.ejpb.2018.01.004},
    issn = {09396411}
}

@article{Cunningham1999,
    title = {{Kinetic Stability as a Mechanism for Protease Longevity}},
    year = {1999},
    journal = {PNAS},
    author = {Cunningham, E. L. and Jaswal, S. S. and Sohl, J. L. and Agard, D. A.},
    number = {20},
    pages = {11008--11014},
    volume = {96},
    month = {9},
    doi = {10.1073/pnas.96.20.11008}
}

@article{Lynch2004,
    title = {{Kinetic Stability of Cu/Zn Superoxide Dismutase is Dependent on its Metal Ligands: Implications for ALS}},
    year = {2004},
    journal = {Biochemistry},
    author = {Lynch, Sandra M. and Boswell, Sarah A. and Col{\'{o}}n, Wilfredo},
    number = {51},
    pages = {16525--16531},
    volume = {43},
    doi = {10.1021/bi048831v},
    month = {12}
}

@article{Machius2003,
    title = {{Kinetic Stabilization of Bacillus licheniformis {$\alpha$}-Amylase through Introduction of Hydrophobic Residues at the Surface}},
    year = {2003},
    journal = {Journal of Biological Chemistry},
    author = {Machius, Mischa and Declerck, Nathalie and Huber, Robert and Wiegand, Georg},
    number = {13},
    month = {3},
    pages = {11546--11553},
    volume = {278},
    url = {http://www.jbc.org/lookup/doi/10.1074/jbc.M212618200},
    doi = {10.1074/jbc.M212618200},
    issn = {0021-9258}
}

@article{Baker1994,
    title = {{Kinetics versus Thermodynamics in Protein Folding}},
    year = {1994},
    journal = {Biochemistry},
    author = {Baker, David and Agard, David A.},
    number = {24},
    pages = {7505--7509},
    volume = {33},
    month = {6}
}

@misc{MinDat,
    title = {{Koechlinite}},
    author = {{MinDat}},
    url = {https://www.mindat.org/min-2235.html}
}

@misc{WebMineral,
    title = {{Koechlinite Mineral Data}},
    author = {{WebMineral}},
    url = {http://webmineral.com/data/Koechlinite.shtml#.XdFXUFdKg2w}
}

@online{Group2019,
    title = {{Langevin Thermostat}},
    organization = {The VASP Manual},
    url = {https://www.vasp.at/wiki/index.php/Langevin_thermostat},
    addendum = {(Accessed May 4, 2020)}
}

@article{Farago2019,
    title = {{Langevin Thermostat for Robust Configurational and Kinetic Sampling}},
    year = {2019},
    journal = {Physica A: Statistical Mechanics and its Applications},
    author = {Farago, Oded},
    month = {11},
    pages = {122210},
    volume = {534},
    doi = {10.1016/j.physa.2019.122210}
}

@misc{RxList,
    title = {{Levemir}},
    author = {{RxList}}
}

@article{Projekt1,
    title = {{Life-Span Exposure to Low Doses of Aspartame Beginning during Prenatal Life Increases Cancer Effects in Rats}},
    year = {2007},
    journal = {Environmental Health Perspectives},
    author = {Soffritti, Morando and Belpoggi, Fiorella and Tibaldi, Eva and Esposti, Davide Degli and Lauriola, Michelina},
    number = {9},
    month = {9},
    pages = {1293--1297},
    volume = {115},
    url = {https://ehp.niehs.nih.gov/doi/10.1289/ehp.10271},
    doi = {10.1289/ehp.10271},
    issn = {0091-6765}
}

@article{Jain2009,
    title = {{Lone pair {\textperiodcentered}{\textperiodcentered}{\textperiodcentered}{$\pi$} interactions between water oxygens and aromatic residues: Quantum chemical studies based on high-resolution protein structures and model compounds}},
    year = {2009},
    journal = {Protein Science},
    author = {Jain, Alok and Ramanathan, Venkatnarayan and Sankararamakrishnan, Ramasubbu},
    number = {3},
    pages = {595--605},
    volume = {18},
    url = {http://doi.wiley.com/10.1002/pro.67},
    doi = {10.1002/pro.67},
    issn = {09618368}
}

@article{PlazadelPino2000,
    title = {{Lower Kinetic Limit to Protein Thermal Stability: A Proposal Regarding Protein Stability In Vivo and its Relation with Misfolding Diseases}},
    year = {2000},
    journal = {Proteins: Structure, Function, and Genetics},
    author = {Plaza del Pino, Isabel M. and Ibarra-Molero, Beatriz and Sanchez-Ruiz, Jose M.},
    number = {1},
    month = {7},
    pages = {58--70},
    volume = {40},
    doi = {10.1002/(SICI)1097-0134(20000701)40:1<58::AID-PROT80>3.0.CO;2-M}
}

@article{PlazaDelPino2000b,
    title = {{Lower kinetic limit to protein thermal stability: A proposal regarding protein stability in vivo and its relation with misfolding diseases}},
    year = {2000},
    journal = {Proteins: Structure, Function and Genetics},
    author = {Plaza Del Pino, Isabel M. and Ibarra-Molero, Beatriz and Sanchez-Ruiz, Jose M.},
    number = {1},
    pages = {58--70},
    volume = {40},
    doi = {10.1002/(SICI)1097-0134(20000701)40:1<58::AID-PROT80>3.0.CO;2-M},
    issn = {08873585},
    pmid = {10813831},
    keywords = {Amyloids, Denaturation, Energetics, Irreversibility, Thermophilic proteins}
}

@misc{MathWorks2019,
    title = {{Machine Learning}},
    year = {2019},
    booktitle = {The MathWorks Inc.},
    author = {{MathWorks}},
    url = {https://www.mathworks.com/discovery/machine-learning.html}
}

@misc{Asiri2018,
    title = {{Machine Learning Classifiers}},
    year = {2018},
    booktitle = {Towards Data Science - Medium2},
    author = {Asiri, Sidath},
    url = {https://towardsdatascience.com/machine-learning-classifiers-a5cc4e1b0623}
}

@article{Hunter2007,
    title = {{Matplotlib: A 2D Graphics Environment}},
    year = {2007},
    journal = {Computing in Science {\&} Engineering},
    author = {Hunter, John D.},
    number = {3},
    pages = {90--95},
    volume = {9},
    url = {http://ieeexplore.ieee.org/document/4160265/},
    doi = {10.1109/MCSE.2007.55},
    issn = {1521-9615}
}

@article{Linderoth2009,
    title = {{Mechanistic Study of the sPLA 2 -Mediated Hydrolysis of a Thio-ester Pro Anticancer Ether Lipid}},
    year = {2009},
    journal = {Journal of the American Chemical Society},
    author = {Linderoth, Lars and Fristrup, Peter and Hansen, Martin and Melander, Fredrik and Madsen, Robert and Andresen, Thomas L. and Peters, Günther H.},
    number = {34},
    month = {9},
    pages = {12193--12200},
    volume = {131},
    url = {https://pubs.acs.org/doi/10.1021/ja901412j},
    doi = {10.1021/ja901412j},
    issn = {0002-7863}
}

@article{Fosado-Quiroz2011,
    title = {{Metastability of Papain and the Molecular Mechanism for its Sequential Acid-Denaturation}},
    year = {2011},
    journal = {Protein Journal},
    author = {Fosado-Quiroz, Rosa Eréndira and Rojo-Dom{\'{i}}nguez, Arturo},
    number = {3},
    pages = {184--193},
    volume = {30},
    doi = {10.1007/s10930-011-9319-z},
    month = {3}
}

@article{Broom2012,
    title = {{Modular Evolution and the Origins of Symmetry: Reconstruction of a Three-Fold Symmetric Globular Protein}},
    year = {2012},
    journal = {Structure},
    author = {Broom, Aron and Doxey, Andrew C. and Lobsanov, Yuri D. and Berthin, Lisa G. and Rose, David R. and Howell, P. Lynne and McConkey, Brendan J. and Meiering, Elizabeth M.},
    number = {1},
    month = {1},
    pages = {161--171},
    volume = {20},
    doi = {10.1016/j.str.2011.10.021},
}

@article{Subramanian2018,
    title = {{Modulating D-amino acid oxidase (DAAO) substrate specificity through facilitated solvent access}},
    year = {2018},
    journal = {PLOS ONE},
    author = {Subramanian, Kalyanasundaram and G{\'{o}}ra, Artur and Spruijt, Ruud and Mitusi{\'{n}}ska, Karolina and Suarez-Diez, Maria and Martins dos Santos, Vitor and Schaap, Peter J.},
    editor = {Soares, Claudio M.},
    number = {6},
    month = {6},
    pages = {e0198990},
    volume = {13},
    url = {https://dx.plos.org/10.1371/journal.pone.0198990},
    doi = {10.1371/journal.pone.0198990},
    issn = {1932-6203}
}

@article{Linderoth2008,
    title = {{Molecular Basis of Phospholipase A2 Activity toward Phospholipids with sn-1 Substitutions}},
    year = {2008},
    journal = {Biophysical Journal},
    author = {Linderoth, Lars and Andresen, Thomas L. and J{\o}rgensen, Kent and Madsen, Robert and Peters, Günther H.},
    number = {1},
    month = {1},
    pages = {14--26},
    volume = {94},
    url = {http://linkinghub.elsevier.com/retrieve/pii/S0006349508707598},
    doi = {10.1529/biophysj.107.110106},
    issn = {00063495}
}

@book{Hansen2019,
    title = {{Molecular Dynamics Simulations - From Theory to Practice}},
    year = {2019},
    author = {Hansen, F. Y. and Peters, Günther H.},
    publisher = {Department of Chemistry, Technical University of Denmark},
    address = {Lyngby, Denmark}
}

@article{Andersen1980,
    title = {{Molecular Dynamics Simulations at Constant Pressure and/or Temperature}},
    year = {1980},
    journal = {The Journal of Chemical Physics},
    author = {Andersen, Hans C.},
    number = {4},
    month = {2},
    pages = {2384--2393},
    volume = {72},
    doi = {10.1063/1.439486}
}

@article{Berendsen1984,
    title = {{Molecular Dynamics with Coupling to an External Bath}},
    year = {1984},
    journal = {The Journal of Chemical Physics},
    author = {Berendsen, H. J. C. and Postma, J. P. M. and van Gunsteren, W. F. and DiNola, A. and Haak, J. R.},
    number = {8},
    month = {10},
    pages = {3684--3690},
    volume = {81},
    doi = {10.1063/1.448118}
}

@online{Kofke2000,
    title = {{Molecular Simulation - Molecular Dynamics Simulation}},
    organization = {Department of Chemical Engineering, SUNY Buffalo},
    author = {Kofke, D. A.},
    url = {http://www.eng.buffalo.edu/~kofke/ce530/Lectures/Lecture11.ppt.pdf},
    addendum = {(Accessed May 5, 2020)}
}

@online{Abrams2013,
    title = {{Molecular Simulations}},
    organization = {Department of Chemical Engineering, Drexel University, Philadelphia},
    author = {Abrams, C.},
    url = {http://www.pages.drexel.edu/~cfa22/msim/msim.html},
    addendum = {(Accessed May 6, 2020)}
}

@incollection{TIPC,
    title = {{Molecular Structure and Stability}},
    year = {2017},
    booktitle = {Biophysical Chemistry},
    author = {Klostermeier, Dagmar and Rudolph, Markus G.},
    chapter = {15, 16},
    pages = {221--302},
    publisher = {CRC Press - Taylor {\&} Francis Group},
    address = {London, UK}
}

@article{Ignatova2004,
    title = {{Monitoring Protein Stability and Aggregation in vivo by Real-time Fluorescent Labeling}},
    year = {2004},
    journal = {Proceedings of the National Academy of Sciences},
    author = {Ignatova, Z. and Gierasch, L. M.},
    number = {2},
    month = {1},
    pages = {523--528},
    volume = {101},
    url = {http://www.pnas.org/cgi/doi/10.1073/pnas.0304533101},
    doi = {10.1073/pnas.0304533101},
    issn = {0027-8424}
}

@misc{AmericanCancerSociety2015,
    title = {{Monoclonal antibodies to treat cancer}},
    year = {2015},
    author = {{American Cancer Society}}
}

@article{Kale1999,
    title = {{NAMD2: Greater Scalability for Parallel Molecular Dynamics}},
    year = {1999},
    journal = {Journal of Computational Physics},
    author = {Kal{\'{e}}, Laxmikant and Skeel, Robert and Bhandarkar, Milind and Brunner, Robert and Gursoy, Attila and Krawetz, Neal and Phillips, James and Shinozaki, Aritomo and Varadarajan, Krishnan and Schulten, Klaus},
    number = {1},
    month = {5},
    pages = {283--312},
    volume = {151},
    url = {https://linkinghub.elsevier.com/retrieve/pii/S0021999199962010},
    doi = {10.1006/jcph.1999.6201},
    issn = {00219991}
}

@incollection{Murphy1,
    title = {{Noncovalent Forces Important to the Conformational Stability of Protein Structures}},
    year = {1995},
    booktitle = {Protein Stability and Folding - Theory and Practice},
    author = {Murphy, Kenneth P.},
    editor = {Shirley, Bret A.},
    pages = {1--34},
    publisher = {Humana Press},
    address = {Totowa, NJ, USA}
}

@article{Ryckaert1977,
    title = {{Numerical Integration of the Cartesian Equations of Motion of a System with Constraints: Molecular Dynamics of n-alkanes}},
    year = {1977},
    journal = {Journal of Computational Physics},
    author = {Ryckaert, Jean-Paul and Ciccotti, Giovanni and Berendsen, Herman J.C},
    number = {3},
    month = {3},
    pages = {327--341},
    volume = {23},
    doi = {10.1016/0021-9991(77)90098-5}
}

@misc{Oliphant,
    title = {{Numpy: A guide to NumPy}},
    author = {Oliphant, T.},
    url = {http://www.numpy.org/}
}

@article{Lijnzaad2008,
    title = {{On Defining the Dynamics of Hydrophobic Patches on Protein Surfaces}},
    year = {2008},
    journal = {Proteins: Structure, Function, and Bioinformatics},
    author = {Lijnzaad, Philip and Feenstra, K. Anton and Heringa, Jaap and Holstege, Frank C. P.},
    number = {1},
    month = {7},
    pages = {105--114},
    volume = {72},
    doi = {10.1002/prot.21924}
}

@article{Buckland2000,
    title = {{On the Binding Preference of Human Groups IIA and X Phospholipases A 2 for Membranes with Anionic Phospholipids}},
    year = {2002},
    journal = {Journal of Biological Chemistry},
    author = {Bezzine, Sofiane and Bollinger, James G. and Singer, Alan G. and Veatch, Sarah L. and Keller, Sarah L. and Gelb, Michael H.},
    number = {50},
    month = {12},
    pages = {48523--48534},
    volume = {277},
    url = {http://www.jbc.org/lookup/doi/10.1074/jbc.M203137200},
    doi = {10.1074/jbc.M203137200},
    issn = {0021-9258}
}

@article{Bhuyan2010,
    title = {{On the Mechanism of SDS-induced Protein Denaturation}},
    year = {2010},
    journal = {Biopolymers},
    author = {Bhuyan, Abani K.},
    number = {2},
    pages = {186--199},
    volume = {93},
    doi = {10.1002/bip.21318},
    month = {2}
}

@article{Lakayan2016,
    title = {{On-line coupling of surface plasmon resonance optical sensing to size-exclusion chromatography for affinity assessment of antibody samples}},
    year = {2016},
    journal = {Journal of Chromatography A},
    author = {Lakayan, Dina and Haselberg, Rob and Niessen, Wilfried M.A. and Somsen, Govert W. and Kool, Jeroen},
    pages = {81--88},
    volume = {1452},
    publisher = {Elsevier B.V.},
    doi = {10.1016/j.chroma.2016.05.033},
    issn = {18733778}
}

@article{Sved2004,
    title = {{Oncogenic Action of Secreted Phospholipase A 2 in Prostate Cancer}},
    year = {2004},
    journal = {Cancer Research},
    author = {Sved, Paul and Scott, Kieran F. and McLeod, Duncan and King, Nicholas J. C. and Singh, Jas and Tsatralis, Tania and Nikolov, Blagoy and Boulas, John and Nallan, Laxman and Gelb, Michael H. and Sajinovic, Mila and Graham, Garry G. and Russell, Pamela J. and Dong, Qihan},
    number = {19},
    month = {10},
    pages = {6934--6940},
    volume = {64},
    url = {http://cancerres.aacrjournals.org/lookup/doi/10.1158/0008-5472.CAN-03-3018},
    doi = {10.1158/0008-5472.CAN-03-3018},
    issn = {0008-5472}
}

@article{Forman1973,
    title = {{One the Stability of Bovine Superoxide Dismutase. The Effect of Metals}},
    year = {1973},
    journal = {Journal of Biological Chemistry},
    author = {Forman, H. J. and Fridovich, I.},
    number = {8},
    pages = {2645--2649},
    volume = {248},
    month = {4}
}

@book{Viart2013,
    title = {{Organic synthesis - applications in enzymatic studies, catalysis and surface modification}},
    year = {2013},
    author = {Viart, Hélène},
    pages = {1--156},
    publisher = {Ph.D. Dissertation-Technical University of Denmark, Department of Chemistry}
}

@article{Yamashita1994,
    title = {{Overexpression of group II phospholipase A2 in human breast cancer tissues is closely associated with their malignant potency}},
    year = {1994},
    journal = {British Journal of Cancer},
    author = {Yamashita, S-I and Yamashita, J-I and Ogawa, M},
    number = {6},
    month = {6},
    pages = {1166--1170},
    volume = {69},
    url = {http://www.nature.com/articles/bjc1994229},
    doi = {10.1038/bjc.1994.229},
    issn = {0007-0920}
}

@online{ChamorroGavilanes,
    title = {{Pancratic bovine Trypsin native and inhibited with Benzamidine from synchotron data}},
    organization = {RSCB},
    author = {Chamorro Gavilanes, J.A. and Cuesta-Seijo, J.A. and Garcia-Granda, S.},
    doi = {10.2210/PDB1S0Q/PDB},
    addendum = {(Accessed February 04, 2020)}
}

@article{Darden1993,
    title = {{Particle mesh Ewald: An N ⋅log( N ) method for Ewald sums in large systems}},
    year = {1993},
    journal = {The Journal of Chemical Physics},
    author = {Darden, Tom and York, Darrin and Pedersen, Lee},
    number = {12},
    month = {6},
    pages = {10089--10092},
    volume = {98},
    url = {http://aip.scitation.org/doi/10.1063/1.464397},
    doi = {10.1063/1.464397},
    issn = {0021-9606}
}

@article{Sols-Mendiola1998,
    title = {{pH dependence of the activation parameters for chymopapain unfolding: influence of ion pairs on the kinetic stability of proteins}},
    year = {1998},
    journal = {Biochimica et Biophysica Acta (BBA) - Protein Structure and Molecular Enzymology},
    author = {Solı́s-Mendiola, Silvia and Guti{\'{e}}rrez-Gonz{\'{a}}lez, Luis H. and Arroyo-Reyna, Alfonso and Padilla-Z{\'{u}}{\~{n}}iga, Jacqueline and Rojo-Domı́nguez, Arturo and Hern{\'{a}}ndez-Arana, Andrés},
    number = {2},
    month = {11},
    pages = {363--372},
    volume = {1388},
    url = {https://linkinghub.elsevier.com/retrieve/pii/S0167483898001952},
    doi = {10.1016/S0167-4838(98)00195-2},
    issn = {01674838}
}

@article{Sekar1997,
    title = {{Phospholipase A 2 Engineering. Structural and Functional Roles of the Highly Conserved Active Site Residue Aspartate-99 †}},
    year = {1997},
    journal = {Biochemistry},
    author = {Sekar, Kanagaraj and Yu, Bao-Zhu and Rogers, Joseph and Lutton, John and Liu, Xiaohong and Chen, Xin and Tsai, Ming-Daw and Jain, Mahendra K. and Sundaralingam, Muttaiya},
    number = {11},
    month = {3},
    pages = {3104--3114},
    volume = {36},
    url = {http://pubs.acs.org/doi/abs/10.1021/bi961576x},
    doi = {10.1021/bi961576x},
    issn = {0006-2960}
}

@article{Laye2003,
    title = {{Phospholipase A(2) expression in tumours: a target for therapeutic intervention?}},
    year = {2003},
    journal = {Drug Discovery Today},
    author = {Laye, J. P. and Gill, J. H.},
    number = {15},
    pages = {710--716},
    volume = {8}
}

@article{Dupureur1990,
    title = {{Phospholipase A2 engineering. 4. Can the active-site aspartate-99 function alone?}},
    year = {1990},
    journal = {Journal of the American Chemical Society},
    author = {Dupureur, Cynthia M. and Deng, Tiliang and Kwak, Jae Gyu and Noel, Joseph P. and Tsai, Ming Daw},
    number = {19},
    month = {9},
    pages = {7074--7076},
    volume = {112},
    url = {http://pubs.acs.org/doi/abs/10.1021/ja00175a060},
    doi = {10.1021/ja00175a060},
    issn = {0002-7863}
}

@article{Liu1995,
    title = {{Phospholipase A2 engineering. Probing the structural and functional roles of N-terminal residues with site-directed mutagenesis, x-ray, and NMR}},
    year = {1995},
    journal = {Biochemistry},
    author = {Liu, Xiaohong and Zhu, Hongxin and Huang, Baohua and Rogers, Joseph and Yu, Bao-Zhu and Kumar, Amarendra and Jain, Mahendra K. and Sundaralingam, Muttaiya and Tsai, Ming-Daw},
    number = {22},
    month = {6},
    pages = {7322--7334},
    volume = {34},
    url = {http://pubs.acs.org/doi/abs/10.1021/bi00022a005},
    doi = {10.1021/bi00022a005},
    issn = {0006-2960}
}

@article{Dupureur1992,
    title = {{Phospholipase A2 engineering. Structural and functional roles of highly conserved active site residues tyrosine-52 and tyrosine-73}},
    year = {1992},
    journal = {Biochemistry},
    author = {Dupureur, Cynthia M. and Yu, Bao Zhu and Jain, Mahendra K. and Noel, Joseph P. and Deng, Tiliang and Li, Yishan and Byeon, In Ja L. and Tsai, Ming Daw},
    number = {28},
    month = {7},
    pages = {6402--6413},
    volume = {31},
    url = {http://pubs.acs.org/doi/abs/10.1021/bi00143a007},
    doi = {10.1021/bi00143a007},
    issn = {0006-2960}
}

@article{Dupureur1992a,
    title = {{Phospholipase A2 engineering. The structural and functional roles of aromaticity and hydrophobicity in the conserved phenylalanine-22 and phenylalanine-106 aromatic sandwich}},
    year = {1992},
    journal = {Biochemistry},
    author = {Dupureur, Cynthia M. and Yu, Bao Zhu and Mamone, J. Anthony and Jain, Mahendra K. and Tsai, Ming Daw},
    number = {43},
    month = {11},
    pages = {10576--10583},
    volume = {31},
    url = {http://pubs.acs.org/doi/abs/10.1021/bi00158a021},
    doi = {10.1021/bi00158a021},
    issn = {0006-2960}
}

@article{Kudo2002,
    title = {{Phospholipase A2 enzymes}},
    year = {2002},
    journal = {Prostaglandins {\&} Other Lipid Mediators},
    author = {Kudo, Ichiro and Murakami, Makoto},
    month = {8},
    pages = {3--58},
    volume = {68-69},
    url = {http://linkinghub.elsevier.com/retrieve/pii/S0090698002000205},
    doi = {10.1016/S0090-6980(02)00020-5},
    issn = {10988823}
}

@article{Yarla2016,
    title = {{Phospholipase A2 Isoforms as Novel Targets for Prevention and Treatment of Inflammatory and Oncologic Diseases}},
    year = {2016},
    journal = {Current Drug Targets},
    author = {Yarla, Nagendra and Bishayee, Anupam and Vadlakonda, Lakshmipathi and Chintala, Ramakrishna and Duddukuri, Govinda and Reddanna, Pallu and Dowluru, Kaladhar},
    number = {16},
    month = {11},
    pages = {1940--1962},
    volume = {17},
    url = {http://www.eurekaselect.com/openurl/content.php?genre=article&issn=1389-4501&volume=17&issue=16&spage=1940},
    doi = {10.2174/1389450116666150727122501},
    issn = {13894501}
}

@article{LeBasle2019,
    title = {{Physicochemical Stability of Monoclonal Antibodies: A Review}},
    year = {2019},
    journal = {Journal of Pharmaceutical Sciences},
    author = {Le Basle, Yoann and Chennell, Philip and Tokhadze, Nicolas and Astier, Alain and Sautou, Valérie},
    month = {8},
    doi = {10.1016/j.xphs.2019.08.009},
    issn = {00223549}
}

@article{Dehouck2011,
    title = {{PoPMuSiC 2.1: a web server for the estimation of protein stability changes upon mutation and sequence optimality}},
    year = {2011},
    journal = {BMC Bioinformatics},
    author = {Dehouck, Yves and Kwasigroch, Jean Marc and Gilis, Dimitri and Rooman, Marianne},
    number = {1},
    month = {12},
    pages = {151},
    volume = {12},
    url = {https://bmcbioinformatics.biomedcentral.com/articles/10.1186/1471-2105-12-151},
    doi = {10.1186/1471-2105-12-151},
    issn = {1471-2105}
}

@misc{Denmark2018,
    title = {{Population and Elections}},
    year = {2018},
    booktitle = {Statistics Denmark},
    author = {{StatBank}},
    url = {http://www.statistikbanken.dk/10021}
}

@misc{StatBank2018,
    title = {{Population, 1986-2018}},
    year = {2018},
    booktitle = {Statistics Norway},
    author = {{StatBank}},
    url = {https://www.ssb.no/en/statbank/table/07459}
}

@article{Leistad2004,
    title = {{Presence of secretory group IIa and V phospholipase A(2) and cytosolic group IV alpha phospholipase A(2) in chondrocytes from patients with rheumatoid arthritis}},
    year = {2004},
    journal = {Clinical Chemistry and Laboratory Medicine},
    author = {Leistad, L. and Feuerherm, A. J. and Ostensen, M. and Faxvaag, A. and Johansen, B.},
    number = {6},
    pages = {602--610},
    volume = {42}
}

@book{Schulz1979,
    title = {{Principles of Protein Structure}},
    year = {1979},
    author = {Schulz, G. E. and Schirmer, R. H.},
    editor = {Cantor, Charles R.},
    edition = {1},
    pages = {1--65},
    publisher = {Springer},
    address = {New York City, NY, USA}
}

@article{Anfinsen1973,
    title = {{Principles that Govern the Folding of Protein Chains}},
    year = {1973},
    journal = {Science},
    author = {Anfinsen, C. B.},
    number = {4096},
    month = {7},
    pages = {223--230},
    volume = {181},
    doi = {10.1126/science.181.4096.223}
}

@article{Projekt10,
    title = {{Production of Urinary Bladder Carcinomas in Mice by Sodium Saccharin}},
    year = {1970},
    journal = {Science},
    author = {Bryan, G. T. and Erturk, E. and Yoshida, O.},
    number = {3936},
    month = {6},
    pages = {1238--1240},
    volume = {168},
    url = {http://www.sciencemag.org/cgi/doi/10.1126/science.168.3936.1238},
    doi = {10.1126/science.168.3936.1238},
    issn = {0036-8075}
}

@article{Wedberg2012,
    title = {{Protein Dynamics in Organic Media at Varying Water Activity Studied by Molecular Dynamics Simulation}},
    year = {2012},
    journal = {The Journal of Physical Chemistry B},
    author = {Wedberg, Rasmus and Abildskov, Jens and Peters, Günther H.},
    number = {8},
    month = {3},
    pages = {2575--2585},
    volume = {116},
    url = {http://pubs.acs.org/doi/10.1021/jp211054u},
    doi = {10.1021/jp211054u},
    issn = {1520-6106}
}

@incollection{Gromiha2010a,
    title = {{Protein Folding Kinetics}},
    year = {2010},
    booktitle = {Protein Bioinformatics - From Sequence to Function},
    author = {Gromiha, Michael M.},
    chapter = {4},
    edition = {1},
    pages = {107--141},
    publisher = {Elsevier}
}

@article{Ebbinghaus2010,
    title = {{Protein folding stability and dynamics imaged in a living cell}},
    year = {2010},
    journal = {Nature Methods},
    author = {Ebbinghaus, Simon and Dhar, Apratim and McDonald, J Douglas and Gruebele, Martin},
    number = {4},
    month = {4},
    pages = {319--323},
    volume = {7},
    url = {http://www.nature.com/articles/nmeth.1435},
    doi = {10.1038/nmeth.1435},
    issn = {1548-7091}
}

@incollection{Walker2005,
    title = {{Protein Identification and Analysis Tools on the ExPASy Server}},
    year = {2005},
    booktitle = {The Proteomics Protocols Handbook},
    author = {Walker, J.M. and Hoogland, C. and Gattiker, A. and Duvaud, S. and Wilkins, M.R. and Appel, R.D. and Bairoch, A.},
    pages = {571--607},
    publisher = {Humana Press}
}

@article{Sanchez-Ruiz2010,
    title = {{Protein Kinetic Stability}},
    year = {2010},
    month = {2},
    journal = {Biophysical Chemistry},
    author = {Sanchez-Ruiz, Jose M.},
    number = {1-3},
    pages = {1--15},
    volume = {148},
    doi = {
    10.1016/j.bpc.2010.02.004}
}

@misc{Fee2010,
    title = {{Protein PEGylation: An overview of chemistry and process considerations}},
    year = {2010},
    booktitle = {European Pharmaceutical Review},
    author = {Fee, C. and Damodaran, V. B.},
    url = {https://www.europeanpharmaceuticalreview.com/article/494/protein-pegylation-process/}
}

@incollection{Gromiha2010,
    title = {{Protein Stability}},
    year = {2010},
    booktitle = {Protein Bioinformatics - From Sequence to Function},
    author = {Gromiha, Michael M.},
    chapter = {6},
    edition = {1},
    pages = {209--245},
    publisher = {Elsevier},
    doi = {10.1016/C2009-0-63223-2}
}

@book{Murphy2001,
    title = {{Protein Structure, Stability, and Folding}},
    year = {2001},
    author = {Murphy, Kenneth P.},
    pages = {1--16}
}

@book{Kielberg2010,
    title = {{Proteiner - Oprensning og Karakterisering}},
    year = {2010},
    author = {Kielberg, Vivi and Rasmussen, Leif},
    edition = {4},
    publisher = {Gyldendal},
    address = {Copenhagen, Denmark}
}

@article{Tur-Arlandis2010,
    title = {{Proteolytic Scanning Calorimetry: A Novel Methodology that Probes the Fundamental Features of Protein Kinetic Stability}},
    year = {2010},
    journal = {Biophysical Journal},
    author = {Tur-Arlandis, Gema and Rodriguez-Larrea, David and Ibarra-Molero, Beatriz and Sanchez-Ruiz, Jose M.},
    number = {6},
    month = {3},
    pages = {L12-L14},
    volume = {98},
    url = {https://linkinghub.elsevier.com/retrieve/pii/S0006349509017573},
    doi = {10.1016/j.bpj.2009.11.028},
    issn = {00063495}
}

@article{RocheProductsPtyLtd2012,
    title = {{Proudct information for AusPAR Herceptin Trastuzumab}},
    year = {2012},
    author = {{Roche Products Pty Ltd}}
}

@article{Roe2013,
    title = {{PTRAJ and CPPTRAJ: Software for processing and analysis of molecular dynamics trajectory data}},
    year = {2013},
    journal = {Journal of Chemical Theory and Computation},
    author = {Roe, Daniel R. and Cheatham, Thomas E.},
    number = {7},
    pages = {3084--3095},
    volume = {9},
    doi = {10.1021/ct400341p},
    month = {5}
}

@article{Park2005,
    title = {{Pulse proteolysis: A simple method for quantitative determination of protein stability and ligand binding}},
    year = {2005},
    journal = {Nature Methods},
    author = {Park, Chiwook and Marqusee, Susan},
    number = {3},
    month = {3},
    pages = {207--212},
    volume = {2},
    url = {http://www.nature.com/articles/nmeth740},
    doi = {10.1038/nmeth740},
    issn = {1548-7091}
}

@article{Rappley2014,
    title = {{Quantification of Transthyretin Kinetic Stability in Human Plasma Using Subunit Exchange}},
    year = {2014},
    journal = {Biochemistry},
    author = {Rappley, Irit and Monteiro, Cecília and Novais, Marta and Baranczak, Aleksandra and Solis, Gregory and Wiseman, R. Luke and Helmke, Stephen and Maurer, Mathew S. and Coelho, Teresa and Powers, Evan T. and Kelly, Jeffery W.},
    number = {12},
    month = {4},
    pages = {1993--2006},
    volume = {53},
    doi = {10.1021/bi500171j}
}

@article{Xia2012,
    title = {{Quantifying the Kinetic Stability of Hyperstable Proteins via Time-Dependent SDS Trapping}},
    year = {2012},
    journal = {Biochemistry},
    author = {Xia, Ke and Zhang, Songjie and Bathrick, Brendan and Liu, Shuangqi and Garcia, Yeidaliz and Col{\'{o}}n, Wilfredo},
    number = {1},
    month = {1},
    pages = {100--107},
    volume = {51},
    doi = {10.1021/bi201362z}
}

@article{Baselga1998,
    title = {{Recombinant Humanized Anti-HER2 Antibody (Herceptin(TM)) Enhances the Antitumor Activity of Paclitaxel and Doxorubicin Against HER2/neu Overexpressing Human Breast Cancer Xenografts}},
    year = {1998},
    journal = {Cancer Research},
    author = {Baselga, J. and Norton, L. and Albanell, J. and Kim, Y. M. and Mendelsohn, J.},
    number = {13},
    pages = {2825--2831},
    volume = {58}
}

@article{Theobald1985,
    title = {{Redetermination of the Crystal Structure of {$\alpha$}-Bi2O3.3MoO3 by Neutron Diffraction and the Catalytic Oxidation of Propene}},
    year = {1985},
    journal = {Materials Research Bulletin},
    author = {Theobald, François and Laarif, Ahmed and Hewat, A. W.},
    number = {6},
    pages = {653--665},
    volume = {20},
    doi = {10.1016/0025-5408(85)90143-6},
    month = {3}
}

@article{Rieck1968,
    title = {{Redeterrnination of the Structure of Bi2MoO6, Koeehlinite}},
    year = {1968},
    author = {Rieck, G D},
    number = {10},
    pages = {2436--2438},
    volume = {0}
}

@article{Enomoto2000,
    title = {{Redundant and segregated functions of granule-associated heparin-binding group II subfamily of secretory phospholipases A(2) in the regulation of degranulation and prostaglandin D-2 synthesis in mast cells}},
    year = {2000},
    journal = {Journal of Immunolofy},
    author = {Enomoto, A. and Murakami, Makoto and Valentin, Emmanuel},
    number = {7},
    pages = {4007--4014},
    volume = {165}
}

@article{Harris,
    title = {{Refined Structure of an Intact IgG2a Monoclonal Antibody}},
    year = {1997},
    journal = {Biochemistry},
    author = {Harris, L. J. and Larson, S. B. and Hasel, K. W. and McPherson, A.},
    number = {7},
    pages = {1581--1597},
    volume = {36}
}

@article{SymphogenA/S2019,
    title = {{Research at Symphogen A/S}},
    year = {2019},
    author = {{Symphogen A/S}}
}

@article{Moure2018,
    title = {{Review and perspectives of Aurivillius structures as a lead-free Piezoelectric system}},
    year = {2018},
    journal = {Applied Sciences (Switzerland)},
    author = {Moure, Alberto},
    number = {1},
    volume = {8},
    doi = {10.3390/app8010062},
    issn = {20763417},
    keywords = {Aurivillius, Bismuth layered ferroelectric structures, Multiferroic, Piezoelectric}
}

@article{Gorovits1998,
    title = {{Rhodanese folding is controlled by the partitioning of its folding intermediates}},
    year = {1998},
    journal = {Biochimica et Biophysica Acta - Protein Structure and Molecular Enzymology},
    author = {Gorovits, Boris M. and McGee, William A. and Horowitz, Paul M.},
    number = {1},
    pages = {120--128},
    volume = {1382},
    doi = {10.1016/S0167-4838(97)00158-1},
    issn = {01674838},
    keywords = {Folding intermediates, Glycerol protein stabilization, Protein folding, Rhodanese}
}

@article{Attarwala2010,
    title = {{Role of antibodies in cancer targeting}},
    year = {2010},
    journal = {Journal of Natural Science, Biology and Medicine},
    author = {Attarwala, Husain},
    number = {1},
    pages = {53},
    volume = {1},
    doi = {10.4103/0976-9668.71675},
    issn = {0976-9668}
}

@article{Thibeault2019,
    title = {{Sarkosyl: A Milder Detergent than SDS for Identifying Proteins with Moderately High Hyperstability using Gel Electrophoresis}},
    year = {2019},
    journal = {Analytical Biochemistry},
    author = {Thibeault, Jane and Patrick, Jessica and Martin, Alexi and Ortiz-Perez, Brian and Hill, Shakeema and Zhang, Songjie and Xia, Ke and Col{\'{o}}n, Wilfredo},
    pages = {21--24},
    volume = {571},
    publisher = {Elsevier},
    month = {2},
    doi = {10.1016/j.ab.2019.02.008}
}

@article{Pedregosa2011,
    title = {{Scikit-learn: Machine Learning in Python}},
    year = {2011},
    journal = {Journal of Machine Learning Research},
    author = {Pedregosa, F. and Varoquaux, G. and Gramfort, A. and Michel, V. and Thirion, B. and Grisel, O. and Blondel, M. and Prettenhofer, P. and Weiss, R. and Dubourg, V. and Vanderplas, J. and Passos, A. and Cournapeneau, D. and Brucher, M. and Perrot, M. and Duchesnay, E.},
    pages = {2825--2830},
    volume = {12}
}

@article{Virtanen2019,
    title = {{SciPy 1.0--Fundamental Algorithms for Scientific Computing in Python}},
    year = {2019},
    author = {Virtanen, Pauli and Gommers, Ralf and Oliphant, Travis E. and Haberland, Matt and Reddy, Tyler and Cournapeau, David and Burovski, Evgeni and Peterson, Pearu and Weckesser, Warren and Bright, Jonathan and van der Walt, Stéfan J. and Brett, Matthew and Wilson, Joshua and Millman, K. Jarrod and Mayorov, Nikolay and Nelson, Andrew R. J. and Jones, Eric and Kern, Robert and Larson, Eric and Carey, CJ and Polat, İlhan and Feng, Yu and Moore, Eric W. and VanderPlas, Jake and Laxalde, Denis and Perktold, Josef and Cimrman, Robert and Henriksen, Ian and Quintero, E. A. and Harris, Charles R and Archibald, Anne M. and Ribeiro, Antônio H. and Pedregosa, Fabian and van Mulbregt, Paul and Contributors, SciPy 1. 0},
    month = {7},
    url = {http://arxiv.org/abs/1907.10121},
    doi = {arXiv:1907.10121},
    arxivId = {1907.10121}
}

@misc{Waskom2016,
    title = {{Seaborn: v0.7.0}},
    year = {2016},
    booktitle = {Zenodo},
    author = {Waskom, M. and {Botvinnik} and {Drewokane} and {Hobson} and {Halchenko} and {Lukauskas} and {Warmenhoven} and {Cole} and {Hoyer} and {Vanderplas} and {Gkunter} and {Villalba} and {Quintero} and {Martin} and {Miles} and {Meyer} and {Augspurger} and {Yarkoni} and {Bachant} and {Evans} and {Fitzgerald} and {Nagy} and {Ziegler} and {Megies} and {Wehner} and {St-Jean} and {Coelho} and {Hitz} and {Lee} and {Luc}},
    url = {https://doi.org/10.5281/zenodo.45133},
    doi = {10.5281/zenodo.12710}
}

@article{Madsen2011,
    title = {{Secretory Phospholipase A 2 Activity toward Diverse Substrates}},
    year = {2011},
    journal = {The Journal of Physical Chemistry B},
    author = {Madsen, Jesper J. and Linderoth, Lars and Subramanian, Arun K. and Andresen, Thomas L and Peters, Günther H.},
    number = {21},
    month = {6},
    pages = {6853--6861},
    volume = {115},
    url = {http://pubs.acs.org/doi/abs/10.1021/jp112137b},
    doi = {10.1021/jp112137b},
    issn = {1520-6106}
}

@article{Peters2007,
    title = {{Secretory Phospholipase A 2 Hydrolysis of Phospholipid Analogues Is Dependent on Water Accessibility to the Active Site}},
    year = {2007},
    journal = {Journal of the American Chemical Society},
    author = {Peters, Günther H. and M{\o}ller, Martin S. and J{\o}rgensen, Kent and R{\"{o}}nnholm, Petra and Mikkelsen, Mette and Andresen, Thomas L.},
    number = {17},
    month = {5},
    pages = {5451--5461},
    volume = {129},
    url = {http://pubs.acs.org/doi/abs/10.1021/ja067755b},
    doi = {10.1021/ja067755b},
    issn = {0002-7863}
}

@article{Quach2014,
    title = {{Secretory phospholipase A2 enzymes as pharmacological targets for treatment of disease}},
    year = {2014},
    journal = {Biochemical Pharmacology},
    author = {Quach, Nhat D. and Arnold, Robert D. and Cummings, Brian S.},
    number = {4},
    month = {8},
    pages = {338--348},
    volume = {90},
    url = {https://linkinghub.elsevier.com/retrieve/pii/S0006295214003141},
    doi = {10.1016/j.bcp.2014.05.022},
    issn = {00062952}
}

@incollection{Chakrabarti2018,
    title = {{Separation of Monoclonal Antibodies by Analytical Size Exclusion Chromatography}},
    year = {2018},
    booktitle = {Antibody Engineering},
    author = {Chakrabarti, Atis},
    month = {2},
    publisher = {InTech},
    url = {http://www.intechopen.com/books/antibody-engineering/separation-of-monoclonal-antibodies-by-analytical-size-exclusion-chromatography},
    doi = {10.5772/intechopen.73321}
}

@article{Rudas2006,
    title = {{Simulation studies of the protein-water interface. II. Properties at the mesoscopic resolution}},
    year = {2006},
    journal = {The Journal of Chemical Physics},
    author = {Rudas, T. and Schr{\"{o}}der, C. and Boresch, S. and Steinhauser, O.},
    number = {23},
    month = {6},
    pages = {234908},
    volume = {124},
    url = {http://aip.scitation.org/doi/10.1063/1.2198804},
    doi = {10.1063/1.2198804},
    issn = {0021-9606}
}

@article{GEHealthcareBio-SciencesAB2017,
    title = {{Size exclusion chromatography columns and resins, Selection guide}},
    year = {2017},
    author = {{GE Healthcare Bio-Sciences AB}}
}

@article{Merrifield1963,
    title = {{Solid Phase Peptide Synthesis. I. The Synthesis of a Tetrapeptide}},
    year = {1963},
    journal = {Journal of the American Chemical Society},
    author = {Merrifield, R. B.},
    number = {14},
    month = {7},
    pages = {2149--2154},
    volume = {85},
    url = {http://pubs.acs.org/doi/abs/10.1021/ja00897a025},
    doi = {10.1021/ja00897a025},
    issn = {0002-7863}
}

@book{Smart2012,
    title = {{Solid State Chemistry - An Introduction}},
    year = {2012},
    author = {Smart, L.E. and Moore, E.A.},
    edition = {Fourth},
    publisher = {CRC Press - Taylor {\&} Francis Group}
}

@article{Ryberg2019,
    title = {{Solution Structures of Long-acting Insulin Analogues and Their Complexes with Albumin}},
    year = {2019},
    journal = {Acta Crystallographica Section D Structural Biology},
    author = {Ryberg, L. A. and S{\o}nderby, P. and Barrientos, F. and Bukrinski, J. T. and Peters, G. H. J. and Harris, P.},
    number = {3},
    month = {3},
    pages = {272--282},
    volume = {75},
    url = {http://scripts.iucr.org/cgi-bin/paper?S2059798318017552},
    doi = {10.1107/S2059798318017552},
    issn = {2059-7983}
}

@misc{Grubmuller1996,
    title = {{SOLVATE. Solvate: a program to create atomic solvent models}},
    year = {1996},
    author = {Grubmuller, H.}
}

@article{Timasheff1992,
    title = {{Solvent effects on protein stability}},
    year = {1992},
    journal = {Current Opinion in Structural Biology},
    author = {Timasheff, Serge N.},
    number = {1},
    month = {2},
    pages = {35--39},
    volume = {2},
    url = {https://linkinghub.elsevier.com/retrieve/pii/0959440X92901735},
    doi = {10.1016/0959-440X(92)90173-5},
    issn = {0959440X}
}

@incollection{Murphy2001a,
    title = {{Stabilization of Protein Structure}},
    year = {2001},
    booktitle = {Protein Structure, Stability, and Folding},
    author = {Murphy, Kenneth P.},
    chapter = {1},
    pages = {1--16},
    publisher = {Humana Press},
    address = {Totowa, NJ, USA}
}

@article{Xiao2019,
    title = {{Steered Molecular Dynamic Simulations of Conformational Lock of Cu, Zn-Superoxide Dismutase}},
    year = {2019},
    journal = {Scientific Reports},
    author = {Xiao, Bao Lin and Ning, Yan Na and Niu, Nan Nan and Li, Di and Moosavi-Movahedi, Ali Akbar and Sheibani, Nader and Hong, Jun},
    number = {1},
    pages = {1--10},
    volume = {9},
    doi = {10.1038/s41598-019-40892-0},
    month = {3}
}

@article{Hilz1975,
    title = {{Stimulation of Proteinase K Action by Denaturing Agents: Application to the Isolation of Nucleic Acids and the Degradation of 'Masked' Proteins}},
    year = {1975},
    journal = {European Journal of Biochemistry},
    author = {Hilz, H. and Wiegers, U. and Adamietz, P.},
    number = {1},
    month = {8},
    pages = {103--108},
    volume = {56},
    doi = {10.1111/j.1432-1033.1975.tb02211.x}
}

@article{Kelch2007,
    title = {{Structural and Mechanistic Exploration of Acid Resistance: Kinetic Stability Facilitates Evolution of Extremophilic Behavior}},
    year = {2007},
    journal = {Journal of Molecular Biology},
    author = {Kelch, Brian A. and Eagen, Kyle P. and Erciyas, F. Pinar and Humphris, Elisabeth L. and Thomason, Adam R. and Mitsuiki, Shinji and Agard, David A.},
    number = {3},
    month = {5},
    pages = {870--883},
    volume = {368},
    doi = {10.1016/j.jmb.2007.02.032}
}

@article{Aggarwal2012,
    title = {{Structural Annotation of Human Carbonic Anhydrases}},
    year = {2012},
    journal = {Journal of Enzyme Inhibition and Medicinal Chemistry},
    author = {Aggarwal, Mayank and Boone, Christopher D. and Kondeti, Bhargav and McKenna, Robert},
    number = {2},
    pages = {267--277},
    volume = {28},
    doi = {10.3109/14756366.2012.737323},
    month = {2}
}

@article{Han1997,
    title = {{Structural Aspects of Interfacial Adsorption}},
    year = {1997},
    journal = {Journal of Biological Chemistry},
    author = {Han, Sang K. and Yoon, Edward T. and Scott, David L. and Sigler, Paul B. and Cho, Wonhwa},
    number = {6},
    month = {2},
    pages = {3573--3582},
    volume = {272},
    url = {http://www.jbc.org/lookup/doi/10.1074/jbc.272.6.3573},
    doi = {10.1074/jbc.272.6.3573},
    issn = {0021-9258}
}

@article{Bone1991,
    title = {{Structural Basis for Broad Specificity in Alpha-Lytic Protease Mutants}},
    year = {1991},
    journal = {Biochemistry},
    author = {Bone, Roger and Fujishige, Amy and Kettner, Charles A. and Agard, David A.},
    number = {43},
    month = {10},
    pages = {10388--10398},
    volume = {30},
    doi = {10.1021/bi00107a005}
}

@article{Manning2004,
    title = {{Structural Basis of Protein Kinetic Stability: Resistance to Sodium Dodecyl Sulfate Suggests a Central Role for Rigidity and a Bias Toward {$\beta$}-Sheet Structure}},
    year = {2004},
    journal = {Biochemistry},
    author = {Manning, Marta and Col{\'{o}}n, Wilfredo},
    number = {35},
    month = {9},
    pages = {11248--11254},
    volume = {43},
    doi = {10.1021/bi0491898}
}

@article{Huber1978,
    title = {{Structural Basis of the Activation and Action of Trypsin}},
    year = {1978},
    journal = {Accounts of Chemical Research},
    author = {Huber, Robert and Bode, Wolfram},
    number = {3},
    pages = {114--122},
    volume = {11},
    doi = {10.1021/ar50123a006},
    month = {3}
}

@article{Scott1994,
    title = {{Structure and catalytic mechanism of secretory phospholipases A-2}},
    year = {1994},
    journal = {Adv. Protein Chem.},
    author = {Scott, D. L. and Sigler, P. B.},
    pages = {53--88},
    volume = {45}
}

@article{Kumar1994,
    title = {{Structure and function of the catalytic site mutant Asp 99 Asn of phospholipase A 2 : Absence of the conserved structural water}},
    year = {1994},
    journal = {Protein Science},
    author = {Kumar, Amarendra and Sekharudu, Chandra and Ramakrishnan, Boopathy and Dupureur, Cynthia M. and Zhu, Hongxin and Tsai, Ming-Daw and Sundaralingam, Muttaiya},
    number = {11},
    month = {11},
    pages = {2082--2088},
    volume = {3},
    url = {http://doi.wiley.com/10.1002/pro.5560031121},
    doi = {10.1002/pro.5560031121},
    issn = {09618368}
}

@article{Sauter1998,
    title = {{Structure of Alpha-Lytic Protease Complexed with its Pro-region}},
    year = {1998},
    journal = {Nature Structural Biology},
    author = {Sauter, N. K. and Mau, T. and Rader, S. D. and Agard, D. A.},
    number = {11},
    pages = {945--950},
    volume = {5},
    month = {11},
    doi = {10.1038/2919}
}

@article{Saito2004,
    title = {{Structure of Bovine Carbonic Anhydrase II at 1.95 {\AA} Resolution}},
    year = {2004},
    journal = {Acta Crystallographica Section D Biological Crystallography},
    author = {Saito, Ryuta and Sato, Takao and Ikai, Atsushi and Tanaka, Nobuo},
    number = {4},
    month = {4},
    pages = {792--795},
    volume = {60},
    doi = {10.1107/S0907444904003166}
}

@article{Hough2003,
    title = {{Structure of Fully Reduced Bovine Copper Zinc Superoxide Dismutase at 1.15 {\AA}}},
    year = {2003},
    journal = {Structure},
    author = {Hough, Michael A and Hasnain, S.Samar},
    number = {8},
    month = {8},
    pages = {937--946},
    volume = {11},
    doi = {10.1016/S0969-2126(03)00155-2}
}

@article{Habazettl1992,
    title = {{Structure of Hisactophilin is Similar to Interleukin-1-beta and Fibroblast Growth-factor}},
    year = {1992},
    journal = {Nature},
    author = {Habazettl, J. and Gondol, D. and Wiltscheck, R. and Otlewski, J. and Schleicher, M. and Holak, T.A.},
    number = {6398},
    pages = {855--858},
    volume = {359},
    month = {10},
    doi = {10.1038/359855a0}
}

@article{Blake1974,
    title = {{Structure of Human Plasma Prealbumin at 2.5 A Resolution. A Preliminary Report on the Polypeptide Chain Conformation, Quaternary Structure and Thyroxine Binding}},
    year = {1974},
    journal = {Journal of Molecular Biology},
    author = {Blake, C. C.F. and Geisow, M. J. and Swan, I. D.A. and Rerat, C. and Rerat, B.},
    number = {1},
    pages = {1--12},
    volume = {88},
    doi = {10.1016/0022-2836(74)90291-5},
    month = {9}
}

@article{Kamphuis1984,
    title = {{Structure of papain refined at 1.65 {\AA} resolution}},
    year = {1984},
    journal = {Journal of Molecular Biology},
    author = {Kamphuis, I. G. and Kalk, K. H. and Swarte, M. B.A. and Drenth, J.},
    number = {2},
    pages = {233--256},
    volume = {179},
    doi = {10.1016/0022-2836(84)90467-4},
    month = {10}
}

@article{Peng2017,
    title = {{Structure Tuning of Bi 2 MoO 6 and Their Enhanced Visible Light Photocatalytic Performances}},
    year = {2017},
    journal = {Critical Reviews in Solid State and Materials Sciences},
    author = {Peng, Yanhua and Zhang, Yan and Tian, Fenghui and Zhang, Jinqiu and Yu, Jianqiang},
    number = {5},
    pages = {347--372},
    volume = {42},
    doi = {10.1080/10408436.2016.1200009},
    issn = {15476561},
    keywords = {Bismuth molybdate, highly efficient photocatalyst, photocatalysis, structural modifications, visible-light photocatalyst}
}

@article{Mihelich1999,
    title = {{Structure-based design of a new class of anti-inflammatory drugs: secretory phospholipase A2 inhibitors, SPI}},
    year = {1999},
    journal = {Biochimica et Biophysica Acta (BBA) - Molecular and Cell Biology of Lipids},
    author = {Mihelich, Edward D and Schevitz, Richard W},
    number = {2-3},
    month = {11},
    pages = {223--228},
    volume = {1441},
    url = {http://linkinghub.elsevier.com/retrieve/pii/S1388198199001572},
    doi = {10.1016/S1388-1981(99)00157-2},
    issn = {13881981}
}

@article{Forgacs1994,
    title = {{Study of the binding of sodium dodecylsulfate to dibasic amino acids by reversed-phase chromatography}},
    year = {1994},
    journal = {Fresenius' Journal of Analytical Chemistry},
    author = {Forg{\'{a}}cs, Esther},
    number = {10-11},
    pages = {743--745},
    volume = {349},
    doi = {10.1007/BF00325650},
    issn = {09370633}
}

@article{Fuhrmann2006,
    title = {{Subangstrom Crystallography Reveals that Short Ionic Hydrogen Bonds, and Not a His-Asp Low-Barrier Hydrogen Bond, Stabilize the Transition State in Serine Protease Catalysis}},
    year = {2006},
    journal = {Journal of the American Chemical Society},
    author = {Fuhrmann, Cynthia N. and Daugherty, Matthew D. and Agard, David A.},
    number = {28},
    month = {7},
    pages = {9086--9102},
    volume = {128},
    doi = {10.1021/ja057721o}
}

@article{Bordo1991,
    title = {{Suggestions for "safe" residue substitutions in site-directed mutagenesis}},
    year = {1991},
    journal = {Journal of Molecular Biology},
    author = {Bordo, Domenico and Argos, Patrick},
    number = {4},
    pages = {721--729},
    volume = {217},
    doi = {10.1016/0022-2836(91)90528-E},
    issn = {00222836},
    pmid = {2005621}
}

@article{Betzel1988,
    title = {{Synchrotron X-ray Data Collection and Restrained Least-squares Refinement of the Crystal Structure of Proteinase K at 1.5 A Resolution}},
    year = {1988},
    journal = {Acta Crystallogr.,Sect.B},
    author = {Betzel, C. and Pal, G.P. and Saenger, W.},
    pages = {163--172},
    volume = {44},
    doi = {10.2210/PDB2PRK/PDB},
    month = {4}
}

@article{Disotuar2018,
    title = {{Synthesis of hydrophobic insulin-based peptides using a helping hand strategy}},
    year = {2018},
    journal = {Organic {\&} Biomolecular Chemistry},
    author = {Disotuar, Maria M. and Petersen, Mark E. and Nogueira, Jason M. and Kay, Michael S. and Chou, Danny Hung-Chieh},
    url = {http://xlink.rsc.org/?DOI=C8OB01212A},
    doi = {10.1039/C8OB01212A},
    issn = {1477-0520}
}

@article{Linderoth2007,
    title = {{Synthesis of sn-1 Functionalized Phospholipids as Substrates for Secretory Phospholipase A2}},
    year = {2007},
    journal = {Chemistry and Physics of Lipids},
    author = {Linderoth, Lars and Peters, Günther H. and J{\o}rgensen, Kent and Madsen, Robert and Andresen, Thomas L.},
    number = {1},
    month = {3},
    pages = {54--66},
    volume = {146},
    url = {https://linkinghub.elsevier.com/retrieve/pii/S0009308406001952},
    doi = {10.1016/j.chemphyslip.2006.12.006},
    issn = {00093084}
}

@article{Li2014,
    title = {{Taking Into Account the Ion-induced Dipole Interaction in the Nonbonded Model of Ions}},
    year = {2014},
    journal = {Journal of Chemical Theory and Computation},
    author = {Li, Pengfei and Merz, Kenneth M.},
    number = {1},
    pages = {289--297},
    volume = {10},
    doi = {10.1021/ct400751u},
    month = {10}
}

@article{Quintas2001,
    title = {{Tetramer Dissociation and Monomer Partial Unfolding Precedes Protofibril Formation in Amyloidogenic Transthyretin Variants}},
    year = {2001},
    journal = {Journal of Biological Chemistry},
    author = {Quintas, Alexandre and Vaz, Daniela C. and Cardoso, Isabel and Saraiva, Maria João M. and Brito, Rui M. M.},
    number = {29},
    month = {7},
    pages = {27207--27213},
    volume = {276},
    doi = {10.1074/jbc.M101024200}
}

@article{Eneqvist2000,
    title = {{The Beta-slip: A Novel Concept in Transthyretin Amyloidosis}},
    year = {2000},
    journal = {Molecular Cell},
    author = {Eneqvist, Therese and Andersson, Karin and Olofsson, Anders and Lundgren, Erik and Sauer-Eriksson, A.Elisabeth},
    number = {5},
    month = {11},
    pages = {1207--1218},
    volume = {6},
    doi = {10.1016/S1097-2765(00)00117-9}
}

@article{Kozakov2017,
    title = {{The ClusPro web server for protein–protein docking}},
    year = {2017},
    journal = {Nature Protocols},
    author = {Kozakov, Dima and Hall, David R and Xia, Bing and Porter, Kathryn A and Padhorny, Dzmitry and Yueh, Christine and Beglov, Dmitri and Vajda, Sandor},
    number = {2},
    month = {1},
    pages = {255--278},
    volume = {12},
    url = {http://www.nature.com/doifinder/10.1038/nprot.2016.169},
    doi = {10.1038/nprot.2016.169},
    issn = {1754-2189}
}

@article{Madi2019,
    title = {{The EBI Search engine: providing search and retrieval functionality for biological data from EMBL-EBI}},
    year = {2015},
    journal = {Nucleic Acids Research},
    author = {Squizzato, Silvano and Park, Young Mi and Buso, Nicola and Gur, Tamer and Cowley, Andrew and Li, Weizhong and Uludag, Mahmut and Pundir, Sangya and Cham, Jennifer A. and McWilliam, Hamish and Lopez, Rodrigo},
    number = {W1},
    month = {7},
    pages = {W585-W588},
    volume = {43},
    url = {http://fdslive.oup.com/www.oup.com/pdf/production_in_progress.pdf https://academic.oup.com/nar/article-lookup/doi/10.1093/nar/gkv316},
    doi = {10.1093/nar/gkv316},
    issn = {0305-1048}
}

@article{Liu2011,
    title = {{The Effect of Calciums on Molecular Motions of Proteinase K}},
    year = {2011},
    journal = {Journal of Molecular Modeling},
    author = {Liu, Shu Qun and Tao, Yan and Meng, Zhao Hui and Fu, Yun Xin and Zhang, Ke Qin},
    number = {2},
    pages = {289--300},
    volume = {17},
    doi = {10.1007/s00894-010-0724-6},
    month = {5}
}

@article{Six2000,
    title = {{The expanding superfamily of phospholipase A(2) enzymes: classification and characterization}},
    year = {2000},
    journal = {Biochimica Et Biophysical Acta},
    author = {Six, D. A. and Dennis, E. A.},
    number = {1-2},
    pages = {1--19},
    volume = {1488}
}

@article{Fasano2005,
    title = {{The extraordinary ligand binding properties of human serum albumin}},
    year = {2005},
    journal = {IUBMB Life (International Union of Biochemistry and Molecular Biology: Life)},
    author = {Fasano, Mauro and Curry, Stephen and Terreno, Enzo and Galliano, Monica and Fanali, Gabriella and Narciso, Pasquale and Notari, Stefania and Ascenzi, Paolo},
    number = {12},
    month = {12},
    pages = {787--796},
    volume = {57},
    doi = {10.1080/15216540500404093},
    issn = {1521-6543}
}

@article{Schymkowitz2005,
    title = {{The FoldX web server: an online force field}},
    year = {2005},
    journal = {Nucleic Acids Research},
    author = {Schymkowitz, J. and Borg, J. and Stricher, F. and Nys, R. and Rousseau, F. and Serrano, L.},
    number = {Web Server},
    month = {7},
    pages = {W382-W388},
    volume = {33},
    url = {https://academic.oup.com/nar/article-lookup/doi/10.1093/nar/gki387},
    doi = {10.1093/nar/gki387},
    issn = {0305-1048}
}

@article{Mitri2012,
    title = {{The HER2 Receptor in Breast Cancer: Pathophysiology, Clinical Use, and New Advances in Therapy}},
    year = {2012},
    journal = {Chemotherapy Research and Practice},
    author = {Mitri, Zahi and Constantine, Tina and O'Regan, Ruth},
    pages = {1--7},
    volume = {2012},
    doi = {10.1155/2012/743193},
    issn = {2090-2107}
}

@article{HOL1983,
    title = {{The High Resolution Three-Dimensional Structure of Bovine Liver Rhodanese}},
    year = {1983},
    journal = {Toxicological Sciences},
    author = {Hol, W.G.J. and Lilk, L.J. and Kalk, K.H.},
    number = {5},
    pages = {370--376},
    volume = {3},
    doi = {10.1093/toxsci/3.5.370},
    month = {9}
}

@article{Berman2000,
    title = {{The Protein Data Bank}},
    year = {2000},
    journal = {Nucleic Acids Research2},
    author = {Berman, H.M. and Westbrook, J. and Feng, Z. and Gilliland, G. and Bhat, T.N. and Weissig, H. and Shindyalow, I.N. and Bourne, P.E.},
    number = {1},
    pages = {235--242},
    volume = {28},
    month = {1},
    doi = {10.1093/nar/28.1.235}
}

@article{Bernstein1977,
    title = {{The protein data bank: A computer-based archival file for macromolecular structures}},
    year = {1977},
    journal = {Journal of Molecular Biology},
    author = {Bernstein, Frances C. and Koetzle, Thomas F. and Williams, Graheme J.B. and Meyer, Edgar F. and Brice, Michael D. and Rodgers, John R. and Kennard, Olga and Shimanouchi, Takehiko and Tasumi, Mitsuo},
    number = {3},
    month = {5},
    pages = {535--542},
    volume = {112},
    url = {https://linkinghub.elsevier.com/retrieve/pii/S0022283677802003},
    doi = {10.1016/S0022-2836(77)80200-3},
    issn = {00222836}
}

@misc{Schrodinger,
    title = {{The PyMOL Molecular Graphics System}},
    year = {2015},
    author = {Schr{\"{o}}dinger},
    publisher = {Schr{\"{o}}dinger, LLC}
}

@article{Barber1996,
    title = {{The quickhull algorithm for convex hulls}},
    year = {1996},
    journal = {ACM Transactions on Mathematical Software},
    author = {Barber, C. Bradford and Dobkin, David P. and Huhdanpaa, Hannu},
    number = {4},
    month = {12},
    pages = {469--483},
    volume = {22},
    url = {http://portal.acm.org/citation.cfm?doid=235815.235821},
    doi = {10.1145/235815.235821},
    issn = {00983500}
}

@article{Jaenicke1998,
    title = {{The stability of proteins in extreme environments}},
    year = {1998},
    journal = {Current Opinion in Structural Biology},
    author = {Jaenicke, Rainer and B{\"{o}}hm, Gerald},
    number = {6},
    month = {12},
    pages = {738--748},
    volume = {8},
    url = {https://linkinghub.elsevier.com/retrieve/pii/S0959440X98800948},
    doi = {10.1016/S0959-440X(98)80094-8},
    issn = {0959440X}
}

@article{Strange2003,
    title = {{The Structure of Holo and Metal-deficient Wild-type Human Cu, Zn Superoxide Dismutase and its Relevance to Familial Amyotrophic Lateral Sclerosis}},
    year = {2003},
    journal = {Journal of Molecular Biology},
    author = {Strange, Richard W. and Antonyuk, Svetlana and Hough, Michael A. and Doucette, Peter A. and Rodriguez, Jorge A. and Hart, P. John and Hayward, Lawrence J. and Valentine, Joan S. and Hasnain, S. Samar},
    number = {4},
    pages = {877--891},
    volume = {328},
    doi = {10.1016/S0022-2836(03)00355-3},
    month = {5}
}

@article{Liu2019,
    title = {{The three-dimensional flower-like Bi 2 WO 6 assisted by ethanolamine through a microwave method for efficient photocatalytic activity}},
    year = {2019},
    journal = {Royal Society Open Science},
    author = {Liu, Xingchen and Wang, SuZhen and Wang, Song and Shi, Han and Zhang, Xiaolong and Zhong, Zhicheng},
    number = {3},
    month = {3},
    pages = {181422},
    volume = {6},
    url = {https://royalsocietypublishing.org/doi/10.1098/rsos.181422},
    doi = {10.1098/rsos.181422},
    issn = {2054-5703}
}

@article{Madsen2016,
    title = {{Theoretical Assessment of Fluorinated Phospholipids in the Design of Liposomal Drug-Delivery Systems}},
    year = {2016},
    journal = {The Journal of Physical Chemistry B},
    author = {Madsen, Jesper J. and Fristrup, Peter and Peters, Günther H.},
    number = {36},
    month = {9},
    pages = {9661--9671},
    volume = {120},
    url = {http://pubs.acs.org/doi/10.1021/acs.jpcb.6b07206},
    doi = {10.1021/acs.jpcb.6b07206},
    issn = {1520-6106}
}

@online{ExPASyMDTheory,
    title = {{Theory of Molecular Dynamics Simulations}},
    organization = {ExPASy - Bioinformatics Resource Portal},
    url = {https://embnet.vital-it.ch/MD_tutorial/pages/MD.Part1.html},
    addendum = "(Accessed May 14, 2020)"
}

@article{Arakawa1985,
    title = {{Theory of protein solubility}},
    year = {1985},
    journal = {Methods in Enzymology},
    author = {Arakawa, Tsutomu and Timasheff, Serge N.},
    pages = {49--77},
    volume = {114},
    doi = {10.1016/0076-6879(85)14005-X}
}

@article{Ren2009,
    title = {{Thermal Unfolding of a Double-domain Protein: Molecular Dynamics Simulation of Rhodanese}},
    year = {2009},
    journal = {Industrial and Engineering Chemistry Research},
    author = {Ren, Ying and Gao, Jian and Ge, Wei and Li, Jinghai},
    number = {19},
    pages = {8865--8871},
    volume = {48},
    doi = {10.1021/ie801441x},
    month = {12}
}

@article{Ibarra-Molero1999,
    title = {{Thermal versus Guanidine-Induced Unfolding of Ubiquitin. An Analysis in Terms of the Contributions from Charge−Charge Interactions to Protein Stability †}},
    year = {1999},
    journal = {Biochemistry},
    author = {Ibarra-Molero, Beatriz and Loladze, Vakhtang V. and Makhatadze, George I. and Sanchez-Ruiz, Jose M.},
    number = {25},
    month = {6},
    pages = {8138--8149},
    volume = {38},
    doi = {10.1021/bi9905819}
}

@article{MATTHEWS1967,
    title = {{Three-dimensional Structure of Tosyl-{$\alpha$}-chymotrypsin}},
    year = {1967},
    journal = {Nature},
    author = {Matthews, B. W. and Sigler, P. B. and Henderson, R. and Blow, D. M.},
    number = {5089},
    month = {5},
    pages = {652--656},
    volume = {214},
    doi = {10.1038/214652a0}
}

@article{Kim2016,
    title = {{Tracking Solvent and Protein Movement during CO2 Release in Carbonic Anhydrase II Crystals}},
    year = {2016},
    journal = {Proceedings of the National Academy of Sciences},
    author = {Kim, Chae Un and Song, HyoJin and Avvaru, Balendu Sankara and Gruner, Sol M. and Park, SangYoun and McKenna, Robert},
    number = {19},
    month = {5},
    pages = {5257--5262},
    volume = {113},
    doi = {10.1073/pnas.1520786113}
}

@article{Kim2016a,
    title = {{Tracking solvent and protein movement during CO2 release in carbonic anhydrase II crystals}},
    year = {2016},
    journal = {Proceedings of the National Academy of Sciences of the United States of America},
    author = {Kim, Chae Un and Song, Hyojin and Avvaru, Balendu Sankara and Gruner, Sol M. and Park, Sangyoun and McKenna, Robert},
    number = {19},
    pages = {5257--5262},
    volume = {113},
    doi = {10.1073/pnas.1520786113}
}

@article{Vieira2014,
    title = {{Transthyretin: A Multifaceted Protein}},
    year = {2014},
    journal = {BioMolecular Concepts},
    author = {Vieira, Marta and Saraiva, Maria João},
    number = {1},
    month = {1},
    volume = {5},
    doi = {10.1515/bmc-2013-0038}
}

@article{Andresen2005a,
    title = {{Triggered Activation and Release of Liposomal Prodrugs and Drugs in Cancer Tissue by Secretory Phospholipase A2}},
    year = {2005},
    journal = {Current Drug Delivery},
    author = {Andresen, Thomas and Jensen, Simon and Kaasgaard, Thomas and Jorgensen, Kent},
    number = {4},
    month = {10},
    pages = {353--362},
    volume = {2},
    doi = {10.2174/156720105774370203}
}

@online{Sigma-Aldrich2020,
    title = {{Tris(hydroxymethyl)aminomethane; Tris}},
    organization = {{Sigma-Aldrich}},
    url = {https://www.sigmaaldrich.com/content/dam/sigma-aldrich/docs/Sigma/Bulletin/1/106bbul.pdf},
    addendum = "(Accessed February 3, 2020)"
}

@online{WorthintonBioCor2020,
    title = {{Trypsin}},
    organization = {Corporation Worthington Biochemical},
    url = {http://www.worthington-biochem.com/TRY/},
    addendum = "(Accessed March 6, 2020)"
}

@article{Saelices2015,
    title = {{Uncovering the Mechanism of Aggregation of Human Transthyretin}},
    year = {2015},
    journal = {Journal of Biological Chemistry},
    author = {Saelices, Lorena and Johnson, Lisa M. and Liang, Wilson Y. and Sawaya, Michael R. and Cascio, Duilio and Ruchala, Piotr and Whitelegge, Julian and Jiang, Lin and Riek, Roland and Eisenberg, David S.},
    number = {48},
    month = {11},
    pages = {28932--28943},
    volume = {290},
    doi = {10.1074/jbc.M115.659912}
}

@article{Uniprot,
    title = {{UniProt: A Worldwide Hub of Protein Knowledge}},
    year = {2019},
    journal = {Nucleic Acids Research},
    number = {D1},
    month = {1},
    pages = {D506-D515},
    volume = {47},
    doi = {10.1093/nar/gky1049}
}

@article{Hossain2009,
    title = {{Use of a Temporary “Solubilizing” Peptide Tag for the Fmoc Solid-Phase Synthesis of Human Insulin Glargine via Use of Regioselective Disulfide Bond Formation}},
    year = {2009},
    journal = {Bioconjugate Chemistry},
    author = {Hossain, Mohammed Akhter and Belgi, Alessia and Lin, Feng and Zhang, Suode and Shabanpoor, Fazel and Chan, Linda and Belyea, Chris and Truong, Hue-Trung and Blair, Amy R. and Andrikopoulos, Sof and Tregear, Geoffrey W. and Wade, John D.},
    number = {7},
    month = {7},
    pages = {1390--1396},
    volume = {20},
    doi = {10.1021/bc900181a}
}

@article{Humphrey1996,
    title = {{VMD - Visual Molecular Dynamics}},
    year = {1996},
    journal = {J. Molec. Graphics},
    author = {Humphrey, W. and Dalke, A. and Schulten, K.},
    pages = {33--38},
    volume = {14},
    month = {2},
    doi = { 10.1016/0263-7855(96)00018-5}
}

@article{WHO2015,
    title = {{WHO Model List of Essential Medicines (19th List)}},
    year = {2015},
    author = {{WHO}}
}

@online{Swails2014a,
    title = {{[AMBER] Integration scheme used in Amber 9 and 11?}},
    organization = {AMBER mailing list},
    author = {Swails, Jason M.},
    url = {http://archive.ambermd.org/201406/0339.html},
    addendum = "(Accessed May 1, 2020)"
}

@online{Case2013,
    title = {{[AMBER] Langevin Dynamics}},
    organization = {AMBER mailing list},
    author = {Case, David},
    url = {http://archive.ambermd.org/201303/0441.html}, 
    addendum = "(Accessed May 5, 2020)"
}

@online{Swails2014b,
    title = {{[AMBER] Leapfrog algorithm}},
    organization = {AMBER mailing list},
    author = {Swails, Jason M.},
    url = {http://archive.ambermd.org/201406/0382.html},
    addendum = "(Accessed May 5, 2020)"
}

@online{Balabin2005,
    title = {{[VMD] Autoionize - SODIUM}},
    organization = {VMD Mailing List},
    author = {Balabin, I.},
    url = {https://www.ks.uiuc.edu/Research/vmd/mailing_list/vmd-l/3943.html},
    addendum = "(Accessed May 14, 2020)"
}



